% Encoding: windows-1252


@InProceedings{Abbiati7aese2017,
  Title                    = {Hierarchical {Kriging} for combining multi-fidelity hybrid and computational simulators},
  Author                   = {Abbiati, G. and Abdallah, I. and Marelli, S. and Sudret, B. and Stojadinovic, B.},
  Booktitle                = {Proc. 7th Int. Conf. on Coupled Problems in Science and Engineering (COUPLED 2017), Rhodes Island (Greece), June 12-14},
  Year                     = {2017},
  Note                     = {(Talk given by G. Abbiati)}
}

@InProceedings{AbbiatiCoupled2017,
  Title                    = {Hierarchical {Kriging} surrogate of the seismic response of a steel piping network based on multi-fidelity hybrid and computational simulators},
  Author                   = {Abbiati, G. and Abdallah, I. and Marelli, S. and Sudret, B. and Stojadinovic, B.},
  Booktitle                = {Proc. 7th Int. Conf. Adv. Experimental Structural Engineering, Pavia (Italy), September 6-8},
  Year                     = {2017}
}

@InProceedings{Abbiati2015,
  Title                    = {Uncertainty propagation and global sensitivity analysis in hybrid simulation using polynomial chaos expansion},
  Author                   = {Abbiati, G. and Marelli, S. and Bursi, O.S. and Sudret, B. and Stojadinovic, B.},
  Booktitle                = {Proc. 4th Int. Conf. Soft Comput. Tech. Civil, Struct. Environ. Eng.},
  Year                     = {2015},
  Editor                   = {Y. Tsompanakis},
  Note                     = {Prag (Czech Republic)}
}

@InProceedings{AbbiatiNCEE2018,
  Title                    = {Hybrid simulation of mechanical systems with uncertain parameters based on surrogate modeling},
  Author                   = {Abbiati, G. and Marelli, S. and Sudret, B. and Stojadinovic, B.},
  Booktitle                = {Proc. 11th Nat. Conf. Earthquake Engineering, Los Angeles (CA), June 25-29},
  Year                     = {2018}
}

@InProceedings{AbbiatiWCEE2017,
  Title                    = {Structural reliability analysis using deterministic hybrid simulations and adaptive {Kriging} metamodeling},
  Author                   = {Abbiati, G. and Sch\"obi, R. and Sudret, B. and Stojadinovic, B.},
  Booktitle                = {Proc. 16th World Conf. Earthquake Eng. (16WCEE), Santiago (Chile), January 9-13},
  Year                     = {2017}
}

@InProceedings{AbbiatiIFIP2018,
  author    = {Abbiati, G. and Broccardo, M. and Marelli, S. and Sudret, B. and Stojadinovic, B.},
  title     = {A novel seismic structural testing protocol based on hybrid simulation, {K}riging and active learning: methodology and numerical examples},
  booktitle = {Proc. 19th~IFIP WG7.5 Conference on Reliability and Optimization of Structural Systems, ETH Zurich (Switzerland), June 27-29},
  year      = {2018},
  editor    = {Sudret, B. and Marelli, S.},
}

@Article{AbdallahPEM2018,
  Title                    = {Hierarchical {K}riging for multi-fidelity aero-servo-elastic simulators -- application to extreme loads on wind turbines},
  Author                   = {Abdallah, I. and Lataniotis, C. and Sudret, B.},
  Journal                  = {Prob. Eng. Mech.},
  Year                     = {2018},
  Note                     = {Submitted}
}

@InProceedings{AbdallahICASP2015,
  Title                    = {Fusing simulation results from multifidelity aero-servo-elastic simulators - {A}pplication to extreme loads on wind turbine},
  Author                   = {Abdallah, I. and Sudret, B. and Lataniotis, C. and Sørensen, J.D. and Natarajan, A.},
  Booktitle                = {Proc. 12th~Int. Conf. on Applications of Stat. and Prob. in Civil Engineering (ICASP12), Vancouver, Canada},
  Year                     = {2015},
  Editor                   = {Haukaas, T.},
  Note                     = {Paper \#223},

  Opturl                   = {http://hdl.handle.net/2429/53234}
}

@InProceedings{Andrianov07,
  Title                    = {{Open TURNS}, an open source initiative to {T}reat {U}ncertainties, {Risks'N} {S}tatistics in a structured industrial approach},
  Author                   = {Andrianov, G. and Burriel, S. and Cambier, S. and Dutfoy, A. and Dutka-Malen, I. and {de Rocquigny}, E. and Sudret, B. and Benjamin, P. and Lebrun, R. and Mangeant, F. and Pendola, M.},
  Booktitle                = {Proc. ESREL'2007 Safety and Reliability Conference, Stavenger, Norway},
  Year                     = {2007}
}

@InProceedings{AndrieuICASP2003,
  Title                    = {Time-variant reliability using the {PHI2} method: principles and validation by {Monte} {Carlo} simulation},
  Author                   = {Andrieu, C. and Lemaire, M. and Sudret, B.},
  Booktitle                = {Proc. 9th~Int. Conf. on Applications of Stat. and Prob. in Civil Engineering (ICASP9), San Francisco, USA},
  Year                     = {2003},
  Editor                   = {{Der Kiureghian},A. and Madanat,S. and Pestana, J.},
  Pages                    = {27-34},
  Publisher                = {Millpress, Rotterdam}
}

@InProceedings{AndrieuGiens2003,
  Title                    = {La m\'ethode {PHI2} ou comment prendre en compte la d\'ependance du temps dans une analyse en fiabilit\'e m\'ecanique},
  Author                   = {Andrieu, C. and Lemaire, M. and Sudret, B.},
  Booktitle                = {Proc. 6$^e$ Colloque National en Calcul des Structures, Giens},
  Year                     = {2003}
}

@InProceedings{AndrieuESREL2002,
  Title                    = {The {PHI2} method: a way to assess time-variant reliability using classical reliability tools},
  Author                   = {Andrieu, C. and Lemaire, M. and Sudret, B.},
  Booktitle                = {Proc. $\lambda\mu$13 -- {ESREL'2002} Safety and Reliability Conf., Lyon, France},
  Year                     = {2002},
  Pages                    = {472-475}
}

@Article{Andrieu2004,
  Title                    = {{The PHI2 method: a way to compute time-variant reliability}},
  Author                   = {Andrieu-Renaud, C. and Sudret, B. and Lemaire, M.},
  Journal                  = {Reliab. Eng. Sys. Safety},
  Year                     = {2004},
  Pages                    = {75-86},
  Volume                   = {84}
}

@InProceedings{Antinori2014,
  Title                    = {Robust multidisciplinary optimization of a low pressure turbine rotor},
  Author                   = {Antinori, G. and Duddeck, F. and Sudret, B. and Marelli, S.},
  Booktitle                = {{OPT-i} Int. Conf. Eng. Applied Sciences Optimization, Kos Island, Greece},
  Year                     = {2014},
  Note                     = {(Talk given by G. Antinori)}
}

@InProceedings{AzziURSI2018,
  Title                    = {Random processes metamodeling applied to dosimetry},
  Author                   = {Azzi, S. and Huang, Y. and Sudret, B. and Wiart, J.},
  Booktitle                = {Proc. 2nd URSI Atlantic Radio Science Meeting, Gran Canaria (Spain), May~28-June~1},
  Year                     = {2018}
}

@InProceedings{SudretUMEMA2017,
  Title                    = {Surrogate modeling of random functions linked to population {RF} exposure},
  Author                   = {Azzi, S. and Huang, Y.Y and Sudret, B. and Wiart, J.},
  Booktitle                = {UMEMA 2017, Workshop on Uncertainty Modeling for Engineering Applications, Castle of Valentino, Torino (Italy), November 23-24},
  Year                     = {2017},
  Note                     = {{\bf Invited lecture}}
}

@InProceedings{BerveillerIcasp2007b,
  Title                    = {Sensitivity analysis of the drying model on the delayed strain of concrete in containment vessels with a non intrusive method},
  Author                   = {Berveiller, M. and {Le Pape}, Y. and Sudret, B.},
  Booktitle                = {Proc. 10th~Int. Conf. on Applications of Stat. and Prob. in Civil Engineering (ICASP10), Tokyo, Japan},
  Year                     = {2007},
  Editor                   = {Kanda, J. and Takada, T. and Furuta, H.}
}

@InProceedings{BerveillerIcasp2007a,
  Title                    = {Bayesian updating of the long-term creep deformations in concrete containment vessels using a non intrusive method},
  Author                   = {Berveiller, M. and {Le Pape}, Y. and Sudret, B. and Perrin, F.},
  Booktitle                = {Proc. 10th~Int. Conf. on Applications of Stat. and Prob. in Civil Engineering (ICASP10), Tokyo, Japan},
  Year                     = {2007},
  Editor                   = {Kanda, J. and Takada, T. and Furuta, H.}
}

@Article{BerveillerSIE2012,
  Title                    = {Updating the long-term creep strains in concrete containment vessels by using {M}arkov chain {M}onte {C}arlo simulation and polynomial chaos expansions},
  Author                   = {Berveiller, M. and {Le Pape}, Y. and Sudret, B. and Perrin, F.},
  Journal                  = {Struct. Infrastruct. Eng},
  Year                     = {2012},
  Number                   = {5},
  Pages                    = {425--440},
  Volume                   = {8}
}

@InProceedings{BerveillerJNFiab2008,
  Title                    = {M\'ethode {MCMC} pour l'actualisation bay\'esienne des d\'eformations diff\'er\'ees du b\'eton d'une enceinte de confinement mod\'elis\'ee par \'el\'ements finis stochastiques non intrusifs},
  Author                   = {Berveiller, M. and {Le Pape}, Y. and Sudret, B. and Perrin, F.},
  Booktitle                = {Proc. 5$^e$ Journ\'ees Fiabilit\'e des Mat\'eriaux et des Structures, Nantes},
  Year                     = {2008}
}

@TechReport{Berveiller_avancement_1,
  Title                    = {{Th\`ese sur les \'el\'ements finis stochastiques. Rapport d'avancement n${}^o$1}},
  Author                   = {Berveiller, M. and Sudret, B.},
  Institution              = {EDF R\&D},
  Year                     = {2003},
  Number                   = {HT-26/03/039/A}
}

@InProceedings{BerIcossar05,
  Title                    = {Non linear non intrusive stochastic finite element method -- {A}pplication to a fracture mechanics problem},
  Author                   = {Berveiller, M. and Sudret, B. and Lemaire, M.},
  Booktitle                = {{Proc. 9th~Int. Conf. Struct. Safety and Reliability (ICOSSAR'2005)}, Roma, Italy},
  Year                     = {2005},
  Editor                   = {Augusti, G. and Schu\"eller, G.I. and Ciampoli, M.},
  Publisher                = {Millpress, Rotterdam}
}

@InProceedings{Berveiller_IFIP2005,
  Title                    = {Structural reliability using non-intrusive stochastic finite elements},
  Author                   = {Berveiller, M. and Sudret, B. and Lemaire, M.},
  Booktitle                = {Proc. 12th~IFIP WG7.5 Conference on Reliability and Optimization of Structural Systems, Aalborg, Danemark},
  Year                     = {2005},
  Editor                   = {Sorensen, J.D. and Frangopol, D.M.},
  Publisher                = {Taylor \& Francis}
}

@Article{Berveiller2006a,
  Title                    = {Stochastic finite elements: a non intrusive approach by regression},
  Author                   = {Berveiller, M. and Sudret, B. and Lemaire, M.},
  Journal                  = {Eur. J. Comput. Mech.},
  Year                     = {2006},
  Number                   = {1-3},
  Pages                    = {81-92},
  Volume                   = {15}
}

@InProceedings{BerCFM2005,
  Title                    = {El\'ements finis stochastiques non lin\'eaires en m\'ecanique de la rupture},
  Author                   = {Berveiller, M. and Sudret, B. and Lemaire, M.},
  Booktitle                = {{Proc. 17{$^e$} Congr\`es Fran\c{c}ais de M\'ecanique {(CFM17)}, Troyes}},
  Year                     = {2005},
  Note                     = {{Paper \#159}}
}

@InProceedings{BerveillerGiens2005,
  Title                    = {Construction de la r\'eponse param\'etrique d\'eterministe d'un syst\`eme m\'ecanique par \'el\'ements finis stochastiques},
  Author                   = {Berveiller, M. and Sudret, B. and Lemaire, M.},
  Booktitle                = {Proc. 7$^e$ Colloque National en Calcul des Structures, Giens},
  Year                     = {2005}
}

@InProceedings{BerASRANET2004,
  Title                    = {Comparison of methods for computing the response coefficients in stochastic finite element analysis},
  Author                   = {Berveiller, M. and Sudret, B. and Lemaire, M.},
  Booktitle                = {Proc. 2nd Int. {ASRANet} Colloquium, Barcelona, Spain},
  Year                     = {2004}
}

@InProceedings{BerveillerPMC04,
  Title                    = {Presentation of two methods for computing the response coefficients in stochastic finite element analysis},
  Author                   = {Berveiller, M. and Sudret, B. and Lemaire, M.},
  Booktitle                = {Proc. 9th~ASCE Specialty Conference on Probabilistic Mechanics and Structural Reliability, Albuquerque, USA},
  Year                     = {2004}
}

@InProceedings{BlatmanIcossar2013,
  Title                    = {Sparse polynomial chaos expansions of vector-valued response quantities},
  Author                   = {Blatman, G. and Sudret, B.},
  Booktitle                = {{Proc. 11th~Int. Conf. Struct. Safety and Reliability (ICOSSAR'2013)}, New York, USA},
  Year                     = {2013},
  Editor                   = {Deodatis, G.},

  Owner                    = {BST},
  Timestamp                = {2013.04.10}
}

@InProceedings{SudretBlatmanIcasp2011,
  Title                    = {Principal component analysis and {L}east {A}ngle {R}egression in spectral stochastic finite element analysis},
  Author                   = {Blatman, G. and Sudret, B.},
  Booktitle                = {Proc. 11th~Int. Conf. on Applications of Stat. and Prob. in Civil Engineering (ICASP11), Zurich, Switzerland},
  Year                     = {2011},
  Editor                   = {Faber, {M.H.} and K\"ohler, J. and Nishijima, K.}
}

@InProceedings{BlatmanIcossar2009,
  Title                    = {Anisotropic parcimonious polynomial chaos expansions based on the sparsity-of-effects principle},
  Author                   = {Blatman, G. and Sudret, B.},
  Booktitle                = {{Proc. 10th~Int. Conf. Struct. Safety and Reliability (ICOSSAR'2009)}, Osaka, Japan},
  Year                     = {2009},
  Editor                   = {Furuta, H. and Frangopol, D. and Shinozuka, M.}
}

@InProceedings{BlatmanWCCM2008,
  Title                    = {Adaptive sparse polynomial chaos expansions using a sequential experimental design},
  Author                   = {Blatman, G. and Sudret, B.},
  Booktitle                = {Proc. 8th~World Congr. Comput. Mech. (WCCM8) and 5th Eur. Congress Comput. Meth. Appl. Sci. Eng. (ECCOMAS 2008), Venice, Italy},
  Year                     = {2008},
  Editor                   = {B.A. Schrefler and U. Perego}
}

@InProceedings{SudretBlatmanIFIP2010,
  Title                    = {Reliability analysis of a pressurized water reactor vessel using sparse polynomial chaos expansions},
  Author                   = {Blatman, G. and Sudret, B.},
  Booktitle                = {Proc. 15th~IFIP WG7.5 Conference on Reliability and Optimization of Structural Systems, Munich, Germany},
  Year                     = {2010},
  Editor                   = {Straub, D},
  Pages                    = {9--16},
  Publisher                = {Taylor \& Francis},

  Owner                    = {sudret},
  Timestamp                = {2010.12.23}
}

@Article{SudretJCP2011,
  Title                    = {Adaptive sparse polynomial chaos expansion based on {L}east {A}ngle {R}egression},
  Author                   = {Blatman, G. and Sudret, B.},
  Journal                  = {J. Comput. Phys.},
  Year                     = {2011},
  Pages                    = {2345-2367},
  Volume                   = {230}
}

@InProceedings{BlatmanJNFiab2010,
  Title                    = {Chaos polynomial creux et adaptatif bas\'e sur la proc\'edure {L}east {A}ngle {R}egression -- Application \`a l'analyse d'int\'egrit\'e d'une cuve de r\'eacteur de centrale nucl\'eaire},
  Author                   = {Blatman, G. and Sudret, B.},
  Booktitle                = {Proc. 6$^e$ Journ\'ees Fiabilit\'e des Mat\'eriaux et des Structures, Toulouse},
  Year                     = {2010},

  Owner                    = {sudret},
  Timestamp                = {2010.12.23}
}

@Article{BlatmanPEM2010,
  Title                    = {An adaptive algorithm to build up sparse polynomial chaos expansions for stochastic finite element analysis},
  Author                   = {Blatman, G. and Sudret, B.},
  Journal                  = {Prob. Eng. Mech.},
  Year                     = {2010},
  Pages                    = {183--197},
  Volume                   = {25}
}

@Article{BlatmanRESS2010,
  Title                    = {Efficient computation of global sensitivity indices using sparse polynomial chaos expansions},
  Author                   = {Blatman, G. and Sudret, B.},
  Journal                  = {Reliab. Eng. Sys. Safety},
  Year                     = {2010},
  Pages                    = {1216--1229},
  Volume                   = {95}
}

@InProceedings{BlatmanSudretECCM2010,
  Title                    = {{An adaptive algorithm based on Least Angle Regression for uncertainty propagation and sensitivity analysis}},
  Author                   = {Blatman, G. and Sudret, B.},
  Booktitle                = {{Proc. 4th European Congress on Computational Mechanics (ECCM4), Paris, France}},
  Year                     = {2010},

  Owner                    = {dubourg},
  Timestamp                = {2010.06.25}
}

@InProceedings{BlatmanSudretCFM2009,
  Title                    = {Chaos polynomial creux bas\'e sur la technique de {\em {L}east {A}ngle {R}egression}},
  Author                   = {Blatman, G. and Sudret, B.},
  Booktitle                = {{Proc. 19$^e$ Congr\`es Français de M\'ecanique (CFM19), Marseille}},
  Year                     = {2009}
}

@InProceedings{BlatmanSudretGiens2009,
  Title                    = {El\'ements finis stochastiques non intrusifs \`a partir de d\'eveloppements par chaos polynomiaux creux et adaptatifs},
  Author                   = {Blatman, G. and Sudret, B.},
  Booktitle                = {Proc. 9$^e$ Colloque National en Calcul des Structures, Giens},
  Year                     = {2009}
}

@InProceedings{BlatmanSudretJFS2009,
  Title                    = {Efficient global sensitivity analysis of computer simulation models using an adaptive {\em {Least} {Angle} {Regression}} scheme},
  Author                   = {Blatman, G. and Sudret, B.},
  Booktitle                = {41$^e$ Journ\'ees Fran\c{c}aises de Statistique, Bordeaux},
  Year                     = {2009}
}

@TechReport{Blatman:Sudret:Report:2008,
  Title                    = {Adaptive sparse polynomial chaos expansions using a regression approach},
  Author                   = {Blatman, G. and Sudret, B.},
  Institution              = {EDF R\&D},
  Year                     = {2008},
  Number                   = {H-T26-2008-00668-EN}
}

@InProceedings{BlatmanAsranet2008,
  Title                    = {Adaptive sparse polynomial chaos expansions - application to structural reliability},
  Author                   = {Blatman, G. and Sudret, B.},
  Booktitle                = {Proc. 4th Int. {ASRANet} Colloquium, Athens, Greece},
  Year                     = {2008}
}

@Article{BlatmanCras2008,
  Title                    = {Sparse polynomial chaos expansions and adaptive stochastic finite elements using a regression approach},
  Author                   = {Blatman, G. and Sudret, B.},
  Journal                  = {Comptes Rendus M\'{e}canique},
  Year                     = {2008},
  Number                   = {6},
  Pages                    = {518-523},
  Volume                   = {336}
}

@InProceedings{BlatmanJNFiab2008,
  Title                    = {D\'eveloppements par chaos polynomiaux creux et adaptatifs -- application \`a l'analyse de fiabilit\'e},
  Author                   = {Blatman, G. and Sudret, B.},
  Booktitle                = {Proc. 5$^e$ Journ\'ees Fiabilit\'e des Mat\'eriaux et des Structures, Nantes},
  Year                     = {2008}
}

@Article{BlatmanMI2007,
  Title                    = {Quasi-random numbers in stochastic finite element analysis},
  Author                   = {Blatman, G. and Sudret, B. and Berveiller, M.},
  Journal                  = {M\'ecanique \& Industries},
  Year                     = {2007},
  Pages                    = {289-297},
  Volume                   = {8}
}

@InProceedings{SudretCFM2007,
  Title                    = {Quasi random numbers in stochastic finite element analysis -- {A}pplication to reliability analysis},
  Author                   = {Blatman, G. and Sudret, B. and Berveiller, M.},
  Booktitle                = {Proc. 18{$^e$} Congr\`es Fran\c{c}ais de M\'ecanique, {(CFM'2007)}, Grenoble},
  Year                     = {2007}
}

@InProceedings{BlatmanSAMO2010,
  Title                    = {{A comparison of three metamodel-based methods for global sensitivity analysis: GP modelling, HDMR and LAR-gPC}},
  Author                   = {Blatman, G. and Sudret, B. and Deheeger, F.},
  Booktitle                = {Procedia - Social and Behavioral Sciences, {Proc. 6th Int. Conf. Sensitivity Anal. Model Output (SAMO'2010), Milan, Italy}},
  Year                     = {2010},
  Pages                    = {7613-7614},
  Volume                   = {2 (6)}
}

@Article{Sudret2001b,
  Title                    = {Un mod\`ele homog\'en\'eis\'e pour le boulonnage du front de taille des tunnels~: simulation d'essais en centrifugeuse},
  Author                   = {Bourgeois, E. and Garnier, D. and Semblat, J.-F. and Sudret, B. and Al Hallak, R.},
  Journal                  = {Revue Fran\c{c}aise de G\'enie Civil},
  Year                     = {2001},
  Number                   = {1},
  Pages                    = {8-38},
  Volume                   = {5}
}

@InProceedings{SudretIACMAG2001,
  Title                    = {Multiphase model for the {2D} and {3D} numerical analysis of pile foundations},
  Author                   = {Bourgeois, E. and Semblat, J.-F. and Garnier, D. and Sudret, B.},
  Booktitle                = {Proc. 10th~Conf. of the Int. Assoc. Comput. Meth. Adv. Geomech. (IACMAG), Tucson, Arizona, USA},
  Year                     = {2001},
  Publisher                = {Balkema, Rotterdam}
}

@InProceedings{BroccardoDBAUG2017,
  Title                    = {Uncertainties in seismic hazard and risk analysis: the good, the bad and the way ahead of the current state-of-the-art},
  Author                   = {Broccardo, M. and Marelli, S. and Sudret, B. and Stojadinovic, B.},
  Booktitle                = {{DBAUG Workshop} on Natural Hazards, ETH Zurich (Switzerland), June 8th},
  Year                     = {2017},
  Note                     = {(Talk given by M.~Broccardo)}
}

@InProceedings{BroccardoIFIP2018,
  author    = {Broccardo, M. and Wang, Z. and Marelli, S. and Song, J. and Sudret, B.},
  title     = {Hamiltonian {Monte Carlo}-based subset simulation using surrogate models},
  booktitle = {Proc. 19th~IFIP WG7.5 Conference on Reliability and Optimization of Structural Systems, ETH Zurich (Switzerland), June 27-29},
  year      = {2018},
  editor    = {Sudret, B. and Marelli, S.},
}

@InProceedings{PaninCOPA2016,
  Title                    = {Effective design for {Sobol'} indices estimation based on polynomial chaos expansions},
  Author                   = {Burnaev, E. and Panin, I. and Sudret, B.},
  Booktitle                = {Conformal and Probabilistic Prediction with Applications -- Proc. 5th Int. Symp. COPA'2016, Madrid, Spain, April 20-22, 2016},
  Year                     = {2016},
  Editor                   = {Gammerman, A. and Luo, Z. and Vega, J. and Vovk, V. (Eds.)},
  Series                   = {{Lecture Notes in Artificial Intelligence (LNAI)} 9653}
}

@Article{Burnaev2017,
  Title                    = {Efficient design of experiments for sensitivity analysis based on polynomial chaos expansions},
  Author                   = {Burnaev, E. and Panin, I. and Sudret, B.},
  Journal                  = {Ann. Math. Artificial Intelligence},
  Year                     = {2017},
  Number                   = {1-2},
  Pages                    = {187--207},
  Volume                   = {81},

  Doi                      = {https://doi.org/10.1007/s10472-017-9542-1}
}

@InProceedings{DefauxSudretCFM2011,
  Title                    = {Caract\'erisation indirecte de d\'efauts g\'eom\'etriques de forme li\'es au process de fabrication d'un \'el\'ement d'essuie-glace},
  Author                   = {Caniou, Y. and Defaux, G. and Dubourg, V. and Sudret, B. and Petitet, G.},
  Booktitle                = {{Proc. 20$^e$ Congr\`es Français de M\'ecanique (CFM20), Besan\c{c}on}},
  Year                     = {2011}
}

@InProceedings{SudretCaniouIcasp2011,
  Title                    = {Distribution-based global sensitivity analysis in case of correlated input parameters using polynomial chaos expansions},
  Author                   = {Caniou, Y. and Sudret, B.},
  Booktitle                = {Proc. 11th~Int. Conf. on Applications of Stat. and Prob. in Civil Engineering (ICASP11), Zurich, Switzerland},
  Year                     = {2011},
  Editor                   = {Faber, {M.H.} and K\"ohler, J. and Nishijima, K.},

  Owner                    = {sudret}
}

@InProceedings{CaniouSudretSAMO2013,
  Title                    = {Covariance-based sensitivity indices based on polynomial chaos functional decomposition},
  Author                   = {Caniou, Y. and Sudret, B.},
  Booktitle                = { {P}roc. 7th Int. Conf. Sensitivity Anal. Model Output {(SAMO'2013)}, Nice, France},
  Year                     = {2013},

  Owner                    = {BST},
  Timestamp                = {2013.05.29}
}

@InProceedings{CaniouSudretCFM2011,
  Title                    = {Analyse de sensibilit\'e globale pour des mod\`eles \`a param\`etres d\'ependants},
  Author                   = {Caniou, Y. and Sudret, B.},
  Booktitle                = {{Proc. 20$^e$ Congr\`es Français de M\'ecanique (CFM20), Besan\c{c}on}},
  Year                     = {2011},

  Owner                    = {BST}
}

@InProceedings{CaniouSudretECCM2010,
  Title                    = {Distribution-based global sensitivity analysis using polynomial chaos expansions},
  Author                   = {Caniou, Y. and Sudret, B.},
  Booktitle                = {{Proc. 4th European Congress on Computational Mechanics (ECCM4), Paris, France}},
  Year                     = {2010},

  Owner                    = {dubourg},
  Timestamp                = {2010.06.25}
}

@InProceedings{CaniouSudretSAMO2010,
  Title                    = {Distribution-based global sensitivity analysis using polynomial chaos expansions},
  Author                   = {Caniou, Y. and Sudret, B.},
  Booktitle                = {Procedia - Social and Behavioral Sciences, {P}roc. 6th Int. Conf. Sensitivity Anal. Model Output {(SAMO'2010)}, Milan, Italy},
  Year                     = {2010},
  Pages                    = {7625-7626},
  Volume                   = {2 (6)}
}

@InProceedings{CaniouJNFiab2012,
  Title                    = {Analyse de sensibilité globale pour des variables corrélées -- Application aux modèles imbriqués et multiéchelles},
  Author                   = {Caniou, Y. and Sudret, B. and Micol, A.},
  Booktitle                = {Proc. 7$^e$ Journ\'ees Fiabilit\'e des Mat\'eriaux et des Structures, Chamb\'ery, France},
  Year                     = {2012}
}

@InProceedings{CaniouLM182012,
  Title                    = {Analyse de sensibilité globale pour des variables corr\'el\'ees -- Application aux mod\`eles imbriqu\'es et multi\'echelles},
  Author                   = {Caniou, Y. and Sudret, B. and Micol, A.},
  Booktitle                = {Proc. 18$^e$ Congrès de Maîtrise des Risques et Sûreté de Fonctionnement, Tours, France},
  Year                     = {2012}
}

@InProceedings{SudretCFRAC2011,
  Title                    = {Identification of random stress fields from the simulation of polycrystalline aggregates},
  Author                   = {Dang, H.X. and Sudret, B. and Berveiller, M. and Zeghadi, A.},
  Booktitle                = {{Proc. 1st Int. Conf. Computational Modeling of Fracture and Failure of Materials and Structures (CFRAC), Barcelona, Spain}},
  Year                     = {2011}
}

@InProceedings{SudretICMM2011,
  Title                    = {Statistical inference of {2D} random stress fields obtained from polycrystalline aggregate calculation},
  Author                   = {Dang, H.X. and Sudret, B. and Berveiller, M. and Zeghadi, A.},
  Booktitle                = {{Proc. 2nd Int. Conf. Mat. Model. (ICMM2), Paris, France}},
  Year                     = {2011}
}

@InProceedings{SudretDangIcasp2011,
  Title                    = {Benchmark of random fields simulation methods and links with identification methods},
  Author                   = {Dang, H. X. and Sudret, B. and Berveiller, M.},
  Booktitle                = {Proc. 11th~Int. Conf. on Applications of Stat. and Prob. in Civil Engineering (ICASP11), Zurich, Switzerland},
  Year                     = {2011},
  Editor                   = {Faber, {M.H.} and K\"ohler, J. and Nishijima, K.},

  Owner                    = {sudret}
}

@InProceedings{SudretDangIcossar2013,
  Title                    = {Introducing stress random fields of polycrystalline aggregates into the local approach to fracture},
  Author                   = {Dang, H-X and Berveiller, M. and Zeghadi, A. and Sudret, B. and Yalamas, T.},
  Booktitle                = {{Proc. 11th~Int. Conf. Struct. Safety and Reliability (ICOSSAR'2013)}, New York, USA},
  Year                     = {2013},
  Editor                   = {Deodatis, G.},

  Owner                    = {BST},
  Timestamp                = {2013.04.10}
}

@Article{Sudret2000a,
  Title                    = {Micropolar multiphase model for materials reinforced by linear inclusions},
  Author                   = {{de Buhan}, P. and Sudret, B.},
  Journal                  = {Eur. J. Mech. A/Solids},
  Year                     = {2000},
  Number                   = {6},
  Pages                    = {669-687},
  Volume                   = {19}
}

@Article{Sudret2000b,
  Title                    = {Un mod\`ele de comportement macroscopique des mat\'eriaux renforc\'es par inclusions lin\'eaires, avec prise en compte des effets de flexion},
  Author                   = {{de Buhan}, P. and Sudret, B.},
  Journal                  = {C. R. Acad. Sci. Paris},
  Year                     = {2000},
  Number                   = {{S\'erie IIb}},
  Pages                    = {555-560},
  Volume                   = {328}
}

@Article{Sudret99b,
  Title                    = {A two-phase elastoplastic model for unidirectionally-reinforced materials and its numerical implementation},
  Author                   = {{de Buhan}, P. and Sudret, B.},
  Journal                  = {Eur. J. Mech. A/Solids},
  Year                     = {1999},
  Number                   = {6},
  Pages                    = {995-1012},
  Volume                   = {18}
}

@InProceedings{Sudret99Boehler,
  Title                    = {Micropolar continuum description of materials reinforced by linear inclusions},
  Author                   = {{de Buhan}, P. and Sudret, B.},
  Booktitle                = {Proc. Conf. to the memory of {Pr. J.-P. Boehler}, "Mechanics of heterogeneous materials", Grenoble},
  Year                     = {1999}
}

@InProceedings{SudretCFM1999,
  Title                    = {Un mod\`ele biphasique de mat\'eriau renforc\'e par inclusions lin\'eaires},
  Author                   = {{de Buhan}, P. and Sudret, B.},
  Booktitle                = {{Proc. 14{$^e$} Congr\`es Fran\c{c}ais de M\'ecanique (CFM14), Toulouse}},
  Year                     = {1999}
}

@Article{DefauxSudret2006,
  Title                    = {Using spatial reliability in the probabilistic study of concrete structures: the example of a reinforced concrete beam subjected to carbonatation inducing corrosion},
  Author                   = {Defaux, G. and Pendola, M. and Sudret, B.},
  Journal                  = {J. Physique IV},
  Year                     = {2006},
  Note                     = {V. L'Hostis, F. Foct and D. F\'eron, Eds.},
  Pages                    = {243--256},
  Volume                   = {136},

  Owner                    = {sudret}
}

@InProceedings{SudretDefaux2006,
  Title                    = {Using spatial reliability in the probabilistic study of concrete structures: the example of a {RC} beam subjected to carbonation inducing corrosion},
  Author                   = {Defaux, G. and Pendola, M. and Sudret, B.},
  Booktitle                = {Proc. NucPerf 2006 "Corrosion and long term performance of concrete in NPP and waste facilities", Cadarache, France},
  Year                     = {2006}
}

@Article{DemanKonakli2016,
  Title                    = {Using sparse polynomial chaos expansions for the global sensitivity analysis of groundwater lifetime expectancy in a multi-layered hydrogeological model},
  Author                   = {Deman, G. and Konakli, K. and Sudret, B. and Kerrou, J. and Perrochet, P. and Benabderrahmane, H.},
  Journal                  = {Reliab. Eng. Sys. Safety},
  Year                     = {2016},
  Pages                    = {156--169},
  Volume                   = {147}
}

@InProceedings{SudretBiot2002,
  Title                    = {Experimental and numerical analysis of transport in a containment vessel},
  Author                   = {Dridi, W. and Sudret, B. and Lassabat\`ere, T.},
  Booktitle                = {Proc. 2nd Biot Conference, Grenoble, France},
  Year                     = {2002}
}

@InProceedings{SudretDubourgIFIP2010,
  Title                    = {A hierarchical surrogate-based strategy for reliability-based design optimization},
  Author                   = {Dubourg, V. and Bourinet, J.-M. and Sudret, B.},
  Booktitle                = {Proc. 15th~IFIP WG7.5 Conference on Reliability and Optimization of Structural Systems, Munich, Germany},
  Year                     = {2010},
  Editor                   = {Straub, D.},
  Pages                    = {53--60},
  Publisher                = {Taylor \& Francis},

  Owner                    = {sudret},
  Timestamp                = {2010.12.23}
}

@InProceedings{DubourgECCM2010,
  Title                    = {{Reliability based design optimization using hierarchical Gaussian processes surrogates }},
  Author                   = {Dubourg, V. and Bourinet, J.-M. and Sudret, B.},
  Booktitle                = {{Proc. 4th European Congress on Computational Mechanics (ECCM4), Paris, France}},
  Year                     = {2010},

  Owner                    = {dubourg},
  Timestamp                = {2010.06.25}
}

@InProceedings{DubourgCFM2009,
  Title                    = {Analyse fiabiliste du flambage des coques avec prise en compte du caract\`ere al\'eatoire et de la variabilit\'e spatiale des d\'efauts de forme et d'\'epaisseur, et des propri\'et\'es mat\'eriaux},
  Author                   = {Dubourg, V. and Bourinet, J.-M. and Sudret, B.},
  Booktitle                = {{Proc. 19$^e$ Congr\`es Fran\c{c}ais de M\'ecanique (CFM19), Marseille}},
  Year                     = {2009}
}

@InProceedings{SudretDubourgIcasp2011,
  Title                    = {Reliability-based design optimization of an imperfect submarine pressure hull},
  Author                   = {Dubourg, V. and Bourinet, J.-M. and Sudret, B. and Cazuguel, M.},
  Booktitle                = {Proc. 11th~Int. Conf. on Applications of Stat. and Prob. in Civil Engineering (ICASP11), Zurich, Switzerland},
  Year                     = {2011},
  Editor                   = {Faber, {M.H.} and K\"ohler, J. and Nishijima, K.},

  Owner                    = {sudret}
}

@InProceedings{DubourgLM182012,
  Title                    = {Optimisation du dimensionnement au flambement d'une coque résistante de sous-marin sous contrainte de fiabilité},
  Author                   = {Dubourg, V. and Bourinet, J.-M. and Sudret, B. and Cazuguel, M. and Yalamas, T.},
  Booktitle                = {Proc. 18$^e$ Congrès de Maîtrise des Risques et Sûreté de Fonctionnement, Tours, France},
  Year                     = {2012}
}

@InProceedings{DubourgJNFiab2012,
  Title                    = {Échantillonnage préférentiel quasi-optimal par krigeage pour l'évaluation de la fiabilité des cuves de réacteurs à eau pressurisée},
  Author                   = {Dubourg, V. and Defaux, G. and Willaume, P. and Meister, E.and Sudret, B.},
  Booktitle                = {Proc. 7$^e$ Journ\'ees Fiabilit\'e des Mat\'eriaux et des Structures, Chamb\'ery, France},
  Year                     = {2012}
}

@InProceedings{SudretDeheegerIcasp2011,
  Title                    = {An alternative to substitution for metamodel-based reliability analysis},
  Author                   = {Dubourg, V. and Deheeger, F. and Sudret, B.},
  Booktitle                = {Proc. 11th~Int. Conf. on Applications of Stat. and Prob. in Civil Engineering (ICASP11), Zurich, Switzerland},
  Year                     = {2011},
  Editor                   = {Faber, {M.H.} and K\"ohler, J. and Nishijima, K.},

  Owner                    = {sudret}
}

@Article{DubourgSS2014,
  Title                    = {Metamodel-based importance sampling for reliability sensitivity analysis},
  Author                   = {Dubourg, V. and Sudret, B.},
  Journal                  = {Structural Safety},
  Year                     = {2014},
  Pages                    = {27-36},
  Volume                   = {49}
}

@InProceedings{DubourgPMC12,
  Title                    = {Meta-model-based importance sampling for reliability sensitivity analysis},
  Author                   = {Dubourg, V. and Sudret, B. and Bourinet, J.-M.},
  Booktitle                = {Proc. 11th~ASCE Specialty Conference on Probabilistic Mechanics and Structural Reliability, Notre Dame (USA)},
  Year                     = {2012}
}

@Article{DubourgSMO2011,
  Title                    = {Reliability-based design optimization using kriging surrogates and subset simulation},
  Author                   = {Dubourg, V. and Sudret, B. and Bourinet, J.-M.},
  Journal                  = {Struct. Multidisc. Optim.},
  Year                     = {2011},
  Number                   = {5},
  Pages                    = {673--690},
  Volume                   = {44}
}

@InProceedings{DubourgRBDOGiens2011,
  Title                    = {Optimisation sous contrainte de fiabilit\'e d'une structure en treillis},
  Author                   = {Dubourg, V. and Sudret, B. and Bourinet, J.-M. and Cazuguel, M.},
  Booktitle                = {Proc. 10$^e$ Colloque National en Calcul des Structures, Giens},
  Year                     = {2011}
}

@InProceedings{DubourgDefautsGiens2011,
  Title                    = {Mod\'elisation probabiliste de champs d'imperfections g\'eom\'etriques de coques r\'esistantes de sous-marins},
  Author                   = {Dubourg, V. and Sudret, B. and Cazuguel, M.},
  Booktitle                = {Proc. 10$^e$ Colloque National en Calcul des Structures, Giens},
  Year                     = {2011}
}

@Article{DubourgPEM2013,
  Title                    = {Metamodel-based importance sampling for structural reliability analysis},
  Author                   = {Dubourg, V. and Sudret, B. and Deheeger, F.},
  Journal                  = {Prob. Eng. Mech.},
  Year                     = {2013},
  Pages                    = {47--57},
  Volume                   = {33},

  Owner                    = {BST}
}

@Article{DumasGayton2015,
  Title                    = {A new system formulation for the tolerance analysis of overconstrained mechanisms},
  Author                   = {Dumas, A. and Gayton, N. and Dantan, J.-Y. and Sudret, B.},
  Journal                  = {Prob. Eng. Mech.},
  Year                     = {2015},
  Pages                    = {66--74},
  Volume                   = {40}
}

@InBook{SudretHermes2011a,
  Title                    = {Surfaces de r\'eponse physiques et polynomiales},
  Author                   = {Duprat, F. and Schoefs, F. and Sudret, B.},
  Chapter                  = {7},
  Editor                   = {Baroth, J. and Schoefs, F. and Breysse, D.},
  Pages                    = {165--193},
  Publisher                = {Editions Herm\`es},
  Year                     = {2011},
  Series                   = {Fiabilit\'e des ouvrages, Trait\'e "M\'ecanique et Ing\'enierie des Mat\'eriaux" (J. Baroth, F. Schoefs, and D. Breysse (Eds))},

  Timestamp                = {2010.12.23}
}

@InBook{SudretWiley2011a,
  Title                    = {Physical and polynomial response surfaces},
  Author                   = {Duprat, F. and Schoefs, F. and Sudret, B.},
  Chapter                  = {7},
  Editor                   = {Baroth, J. and Schoefs, F. and Breysse, D.},
  Pages                    = {123--146},
  Publisher                = {ISTE/Wiley},
  Year                     = {2011},
  Series                   = {Construction reliability -- {\em safety, variability and sustainability} (J. Baroth, F. Schoefs, and D. Breysse (Eds))}
}

@InProceedings{SudretIcossarOT2009,
  Title                    = {Implementation of a polynomial chaos toolbox in {Open Turns} with test-case application},
  Author                   = {Dutka-{Malen}, I. and Lebrun, R. and Saassouh, B. and Sudret, B.},
  Booktitle                = {{Proc. 10th~Int. Conf. Struct. Safety and Reliability (ICOSSAR'2009)}, Osaka, Japan},
  Year                     = {2009},
  Editor                   = {Furuta, H. and Frangopol, D. and Shinozuka, M.}
}

@Article{FajraouiIJHMT2017,
  Title                    = {Analyzing natural convection in porous enclosure with polynomial chaos expansions: {E}ffect of thermal dispersion, anisotropic permeability and heterogeneity},
  Author                   = {Fajraoui, N. and Fahs, M. and Younes, A. and Sudret, B.},
  Journal                  = {Int. J. Heat Mass Trans.},
  Year                     = {2017},
  Number                   = {Part~A},
  Pages                    = {205--224},
  Volume                   = {115},

  Doi                      = {http://www.sciencedirect.com/science/article/pii/S0017931017314175}
}

@Article{FajraouiMarelli2017,
  Title                    = {Sequential design of experiment for sparse polynomial chaos expansions},
  Author                   = {Fajraoui, N. and Marelli, S. and Sudret, B.},
  Journal                  = {SIAM/ASA J. Unc. Quant.},
  Year                     = {2017},
  Number                   = {1},
  Pages                    = {1061-1085},
  Volume                   = {5},

  Doi                      = {http://epubs.siam.org/doi/pdf/10.1137/16M1103488}
}

@InProceedings{FajraouiUNCECOMP2017,
  Title                    = {Adaptive optimal experimental designs for sparse polynomial chaos expansions},
  Author                   = {Fajraoui, N. and Marelli, S. and Sudret, B.},
  Booktitle                = {Proc. 2nd Int. Conf. Uncertainty Quantification in Computational Sciences and Engineering (UNCECOMP), Rhodes Island (Greece), June 15-17},
  Year                     = {2017},
  Note                     = {(Talk given by N.~Fajraoui)}
}

@InProceedings{FajraouiCARI2016,
  Title                    = {Uncertainty quantification for complex systems},
  Author                   = {Fajraoui, N. and Sudret, B.},
  Booktitle                = {13th African Conference on Research in Computer Science and Applied Mathematics (CARI'2016)},
  Year                     = {2016},
  Note                     = {(Talk given by N.~Fajraoui)}
}

@Article{GaignaireTransMag2009,
  Title                    = {Speeding up in {SSFEM} computation using {Kronecker} tensor products},
  Author                   = {Gaignaire, R. and Cl\'enet, S. and Moreau, O. and Guyomarch, F. and Sudret, B.},
  Journal                  = {IEEE Trans. Magnetics},
  Year                     = {2009},
  Number                   = {3},
  Pages                    = {1432-1435},
  Volume                   = {45},

  Doi                      = {10.1109/TMAG.2009.2012662}
}

@Article{GaignaireIEEE2008,
  Title                    = {Current Calculation in Electrokinetics Using a Spectral Stochastic Finite Element Method
},
  Author                   = {Gaignaire, R. and Cl\'enet, S. and Moreau, O. and Sudret, B.},
  Journal                  = {IEEE Transactions on Magnetics},
  Year                     = {2008},
  Number                   = {6},
  Pages                    = {754--757},
  Volume                   = {44},

  Owner                    = {sudret}
}

@InProceedings{SudretGaignaire2007a,
  Title                    = {Current calculation using a spectral stochastic finite element method applied to an electrokinetic problem},
  Author                   = {Gaignaire, R. and Cl\'enet, S. and Moreau, O. and Sudret, B.},
  Booktitle                = {Proc. 16th~Int. Conf. Comput. Electromagnetic Fields (COMPUMAG2007), Aachen, Germany},
  Year                     = {2007}
}

@InProceedings{SudretGaignaire2006a,
  Title                    = {Influence of the order of input expansions in the spectral stochastic finite element method},
  Author                   = {Gaignaire, R. and Cl\'enet, S. and Moreau, O. and Sudret, B.},
  Booktitle                = {Proc. 7th~International Symposium on Electric and Magnetic Fields (EMF2006), Aussois, France},
  Year                     = {2006}
}

@Article{SudretIEEE2007,
  Title                    = {{3-D} Spectral stochastic finite element method in electromagnetism},
  Author                   = {Gaignaire, R. and Cl\'enet, S. and Sudret, B. and Moreau, O.},
  Journal                  = {{IEEE} Trans. Electromagnetism},
  Year                     = {2007},
  Number                   = {4},
  Pages                    = {1209-1212},
  Volume                   = {43}
}

@InProceedings{SudretGaignaire2006c,
  Title                    = {{3D} Spectral stochastic finite element method in electromagnetism},
  Author                   = {Gaignaire, R. and Cl\'enet, S. and Sudret, B. and Moreau, O.},
  Booktitle                = {Proc. 20th~Conf. on Electromagnetic Field Computation (CEFC 2006), Miami, Florida, USA},
  Year                     = {2006}
}

@InProceedings{SudretGaignaire2006b,
  Title                    = {Propagation d'incertitudes en \'electromagn\'etisme statique par chaos polynomial et r\'esolution non intrusive},
  Author                   = {Gaignaire, R. and Moreau, O. and Sudret, B. and Cl\'enet, S.},
  Booktitle                = {Proc. 5$^e$ Conf. Eur. sur les M\'ethodes Num\'eriques en Electromagn\'etisme (NUMELEC'2006), Lille},
  Year                     = {2006}
}

@Article{Sudret2003,
  Title                    = {Ouvrages renforc\'es~: approche par superposition de milieux continus et traitement num\'erique},
  Author                   = {Garnier, D. and Sudret, B. and Bourgeois, E. and Semblat, J.-F.},
  Journal                  = {Revue Fran\c{c}aise de G\'eotechnique},
  Year                     = {2003},
  Pages                    = {43-52},
  Volume                   = {102}
}

@InProceedings{SudretICSMGE2001,
  Title                    = {Analyse d'ouvrages renforc\'es par une approche de mod\`ele multiphasique},
  Author                   = {Garnier, D. and Sudret, B. and Bourgeois, E. and Semblat, J.-F.},
  Booktitle                = {Proc. 15th~Int. Congress Soil Mech. Geotech. Eng. ({ICSMGE}), Istanbul, Turkey},
  Year                     = {2001}
}

@Article{Guede07,
  Title                    = {Life-time reliability based assessment of structures submitted to thermal fatigue},
  Author                   = {Gu\'ed\'e, Z. and Sudret, B. and Lemaire, M.},
  Journal                  = {Int. J. Fatigue},
  Year                     = {2007},
  Number                   = {7},
  Pages                    = {1359-1373},
  Volume                   = {29}
}

@InProceedings{GuedeFD2005,
  Title                    = {Life-time reliability-based assessment of structures submitted to random thermal loading},
  Author                   = {Gu\'ed\'e, Z. and Sudret, B. and Lemaire, M.},
  Booktitle                = {Proc. Fatigue Design 2005, Senlis, France},
  Year                     = {2005}
}

@InProceedings{GuedeJP04,
  Title                    = {Analyse fiabiliste en fatigue thermique},
  Author                   = {Gu\'ed\'e, Z. and Sudret, B. and Lemaire, M.},
  Booktitle                = {Proc. 23{$^e$} {Journ\'ees de Printemps} -- {Commission Fatigue}, {"M\'ethodes} fiabilistes en fatigue pour conception et essais", Paris},
  Year                     = {2004}
}

@Article{Harenberg2017,
  Title                    = {Uncertainty quantification and global sensitivity analysis for economic models},
  Author                   = {Harenberg, D. and Marelli, S. and Sudret, B. and Winschel, V.},
  Journal                  = {Economics Working Paper Series},
  Year                     = {2017},
  Number                   = {265},
  Volume                   = {17}
}

@InProceedings{KalininaESREL2016,
  author    = {Kalinina, A. and Spada, M. and Burgherr, P. and Marelli, S. and Sudret, B.},
  title     = {A {Bayesian} hierarchical modelling for hydropower risk assessment},
  booktitle = {Risk, Reliability and Safety: Innovating Theory and Practice, Proc. 26th European Safety and Reliability Conference (ESREL'2016), Glasgow (Scotland), 25-29 September},
  year      = {2017},
  editor    = {Walls, L. and Revie, M. and Bedford, T.},
  publisher = {CRC Press},
}

@InProceedings{KersaudyURSI2013,
  Title                    = {Utilisation du chaos polynomial dans le cadre d'un problème d'homog\'en\'eisation},
  Author                   = {Kersaudy, P. and Mostarshedi, S. and Picon, O. and Sudret, B. and Wiart, J.},
  Booktitle                = {Journ\'ees Scientifiques {URSI-France}},
  Year                     = {2013}
}

@InProceedings{KersaudyURSI2015,
  Title                    = {Statistical analysis of scattered field by building facades},
  Author                   = {Kersaudy, P. and Mostarshedi, S. and Sudret, B. and Picon, O. and Wiart, J.},
  Booktitle                = {Proc. 1st {URSI} Atlantic Radio Science Meeting, Gran Canaria (Spain), May 18-25},
  Year                     = {2015}
}

@Article{MostarshediSudret2014,
  Title                    = {Stochastic analysis of scattered field by building facades using polynomial chaos},
  Author                   = {Kersaudy, P. and Mostarshedi, S. and Sudret, B. and Picon, O. and Wiart, J.},
  Journal                  = {IEEE Trans. Antennas Propagation},
  Year                     = {2014},
  Number                   = {12},
  Pages                    = {6382-6393},
  Volume                   = {62}
}

@Article{KersaudySudret2015,
  Title                    = {A new surrogate modeling technique combining {K}riging and polynomial chaos expansions -- {A}pplication to uncertainty analysis in computational dosimetry},
  Author                   = {Kersaudy, P. and Sudret, B. and Varsier, N. and Picon, O. and Wiart, J.},
  Journal                  = {J. Comput. Phys},
  Year                     = {2015},
  Pages                    = {103--117},
  Volume                   = {286}
}

@InProceedings{Kersaudy2015Antennas,
  Title                    = {{S}tatistical analysis of scattered field by building facades using polynomial chaos expansion},
  Author                   = {Kersaudy, P. and Wiart, J. and Mostarshedi, S. and Picon, O. and Sudret, B.},
  Booktitle                = {Proc. 2015 IEEE Antennas and Propagation Society International Symposium},
  Year                     = {2015},
  Pages                    = {1806--1807},
  Publisher                = {IEEE}
}

@InProceedings{KonakliICASP2015,
  Title                    = {Low-rank tensor approximations for reliability analysis},
  Author                   = {Konakli, K. and Sudret, B.},
  Booktitle                = {Proc. 12th~Int. Conf. on Applications of Stat. and Prob. in Civil Engineering (ICASP12), Vancouver, Canada},
  Year                     = {2015},
  Editor                   = {Haukaas, T.},
  Note                     = {Paper \#159},

  Opturl                   = {http://hdl.handle.net/2429/53192}
}

@InProceedings{KonakliESREL2015,
  Title                    = {Addressing high dimensionality in reliability analysis low-rank tensor approximations},
  Author                   = {Konakli, K. and Sudret, B.},
  Booktitle                = {Safety and Reliability of Complex Engineered Systems, Proc. 25th European Safety and Reliability Conference (ESREL'2015)},
  Year                     = {2015},
  Editor                   = {Podofillini, L. and Sudret, B. and Stojadinovic, B. and Zio, E. and Kr\"oger, W.},
  Publisher                = {CRC Press}
}

@InProceedings{KonakliUNCECOMP2017,
  Title                    = {Variance-based sensitivity indices from low-rank tensor approximations with polynomial basis},
  Author                   = {Konakli, K. and Sudret, B.},
  Booktitle                = {Proc. 2nd Int. Conf. Uncertainty Quantification in Computational Sciences and Engineering (UNCECOMP), Rhodes Island (Greece), June 15-17},
  Year                     = {2017},
  Note                     = {(Talk only)}
}

@Article{KonakliJCP2016,
  Title                    = {Polynomial meta-models with canonical low-rank approximations: Numerical insights and comparison to sparse polynomial chaos expansions},
  Author                   = {Konakli, K. and Sudret, B.},
  Journal                  = {J. Comput. Phys.},
  Year                     = {2016},
  Pages                    = {1144--1169},
  Volume                   = {321}
}

@Article{KonakliPEM2016,
  Title                    = {Reliability analysis of high-dimensional models using low-rank tensor approximations},
  Author                   = {Konakli, K. and Sudret, B.},
  Journal                  = {Prob. Eng. Mech.},
  Year                     = {2016},
  Pages                    = {18--36},
  Volume                   = {46}
}

@Article{KonakliRESS2016,
  Title                    = {Global sensitivity analysis using low-rank tensor approximations},
  Author                   = {Konakli, K. and Sudret, B.},
  Journal                  = {Reliab. Eng. Sys. Safety},
  Year                     = {2016},
  Pages                    = {64--83},
  Volume                   = {156}
}

@InProceedings{KonakliSIAMUQ2016,
  Title                    = {Low-rank tensor approximations for the computation of rare-event probabilities},
  Author                   = {Konakli, K. and Sudret, B.},
  Booktitle                = {SIAM Conf. on Uncertainty Quantification, Lausanne (Switzerland), April 5-8},
  Year                     = {2016},
  Note                     = {(Talk given by K. Konakli)}
}

@InProceedings{KonakliUNCECOMP2015,
  Title                    = {Uncertainty quantification in high-dimensional spaces with low-rank tensor approximations},
  Author                   = {Konakli, K. and Sudret, B.},
  Booktitle                = {Proc. 1st Int. Conf. Uncertainty Quantification in Computational Sciences and Engineering (UNCECOMP), Creta Island (Greece), May 25-27.},
  Year                     = {2015},
  Pages                    = {53--64}
}

@Article{KonakliASCE2016,
  Title                    = {Numerical investigations into the value of information in lifecycle analysis of structural systems},
  Author                   = {Konakli, K. and Sudret, B. and Faber, M.},
  Journal                  = {ASCE-ASME J. Risk Uncertainty Eng. Syst., Part A: Civ. Eng.},
  Year                     = {2016},
  Note                     = {B4015007},
  Number                   = {3},
  Volume                   = {2},

  Doi                      = {10.1061/AJRUA6.0000850}
}

@InProceedings{KroetzIFIP2018,
  Title                    = {Adaptive {K}riging strategy for risk optimization with time-dependent reliability},
  Author                   = {Kroetz, H.M. and Moustapha, M. and Beck, A.T. and Sudret, B.},
  Booktitle                = {Proc. 19th~IFIP WG7.5 Conference on Reliability and Optimization of Structural Systems, ETH Zurich (Switzerland), June 27-29},
  Year                     = {2018},
  Editor                   = {Sudret, B. and Marelli, S.}
}

@InProceedings{MoustaphaWCCM2018,
  Title                    = {Time-variant reliability-based risk optimization using surrogate modeling},
  Author                   = {Kroetz, H.M. and Moustapha, M. and Beck, A.T. and Sudret, B.},
  Booktitle                = {13th~World Congr. Comput. Mech. and 2nd Pan American Congr. on Comput. Mech, New York (USA), July 22-27},
  Year                     = {2018},
  Editor                   = {XXX}
}

@Article{MarelliKriging2018,
  author  = {Lataniotis, C. and Marelli, S. and Sudret, B.},
  title   = {The Gaussian process modelling module in UQLab},
  journal = {Soft Comput. Civil Eng.},
  year    = {2018},
  volume  = {2},
  number  = {3},
  pages   = {91--116},
  url     = {http://www.jsoftcivil.com/article_64721_329effd7ea1841207cec9b59c663ba5c.pdf},
}

@InProceedings{SudretCambridge2018,
  Title                    = {Dimensionality reduction and surrogate modelling for high-dimensional {UQ} problems},
  Author                   = {Lataniotis, C. and Marelli, S. and Sudret, B.},
  Booktitle                = {Workshop on "Reducing dimensions and cost for {UQ} in complex systems", Isaac Newton Institute for Mathematical Sciences, Cambridge, March~5-9},
  Year                     = {2018},
  Note                     = {{\bf Invited lecture}}
}

@InProceedings{LataniotisUNCECOMP2017,
  Title                    = {Dimensionality reduction and surrogate modelling for high-dimensional {UQ} problems},
  Author                   = {Lataniotis, C. and Marelli, S. and Sudret, B.},
  Booktitle                = {Proc. 2nd Int. Conf. Uncertainty Quantification in Computational Sciences and Engineering (UNCECOMP), Rhodes Island (Greece), June 15-17},
  Year                     = {2017},
  Note                     = {(Talk given by C.~Lataniotis)}
}

@InProceedings{LataniotisSIAMUQ2016,
  Title                    = {Combining feature mapping and {Gaussian} process modelling in the context of uncertainty quantification},
  Author                   = {Lataniotis, C. and Marelli, S. and Sudret, B.},
  Booktitle                = {SIAM Conf. on Uncertainty Quantification, Lausanne (Switzerland), April 5-8},
  Year                     = {2016},
  Note                     = {(Talk given by C. Lataniotis)}
}

@InProceedings{MarelliSIAMUQ2016,
  Title                    = {Advancements in the {UQLab} framework for uncertainty quantification},
  Author                   = {Lataniotis, C. and Marelli, S. and Sudret, B.},
  Booktitle                = {SIAM Conf. on Uncertainty Quantification, Lausanne (Switzerland) April 5-8},
  Year                     = {2016},
  Note                     = {(Talk given by S. Marelli)}
}

@InBook{SudretHandbookUQ,
  chapter   = {8},
  pages     = {1289--1325},
  title     = {Metamodel-based sensitivity analysis: polynomial chaos expansions and {G}aussian processes},
  publisher = {Springer International Publishing},
  year      = {2017},
  author    = {{Le~Gratiet}, L. and Marelli, S. and Sudret, B.},
  editor    = {Ghanem, R. and Higdon, D. and Owhadi, H.},
  booktitle = {Handbook on Uncertainty Quantification},
}

@Article{Sudret98a,
  Title                    = {A fast algorithm for soil dynamics calculations by wavelet decomposition},
  Author                   = {Lieb, M. and Sudret, B.},
  Journal                  = {Arch. App. Mech.},
  Year                     = {1998},
  Pages                    = {147-157},
  Volume                   = {68}
}

@InProceedings{MaiSudretEMI2016,
  Title                    = {{LARS-based ARX PCE metamodels} for computing seismic fragility curves},
  Author                   = {Mai, C.V. and Spiridonakos, M. and Chatzi, E. and Sudret, B.},
  Booktitle                = {Proc. Engineering Mechanics Institute Conference {(EMI'2016)}, Vanderbilt University, Nashville (USA), May 22-25},
  Year                     = {2016}
}

@Article{MaiSIAMUQ2017,
  Title                    = {Surrogate models for oscillatory systems using sparse polynomial chaos expansions and stochastic time warping},
  Author                   = {Mai, C.V. and Sudret, B.},
  Journal                  = {SIAM/ASA J. Unc. Quant.},
  Year                     = {2017},
  Number                   = {1},
  Pages                    = {540--571},
  Volume                   = {5},

  Doi                      = {http://epubs.siam.org/doi/abs/10.1137/16M1083621}
}

@InProceedings{SudretCEA2016,
  Title                    = {Surrogate models for uncertain dynamical systems: polynomial chaos expansion for time-dependent responses},
  Author                   = {Mai, C.V. and Sudret, B.},
  Booktitle                = {4\`eme Forum sur les M\'ethodes de Quantification des Incertitudes, CEA DAM, Bruy\`eres-le-Ch\^atel (France), October 4th},
  Year                     = {2016},
  Note                     = {{\bf Invited lecture}}
}

@InProceedings{MaiMascot2015,
  Title                    = {Polynomial chaos expansions for time-dependent problems},
  Author                   = {Mai, C.V. and Sudret, B.},
  Booktitle                = {MascotNum workshop , Ecole des Mines de Saint-\'Etienne (France), April 8-10},
  Year                     = {2015},
  Note                     = {(Talk given by C.V.~Mai)}
}

@InProceedings{MaiSudretEurodyn2014,
  Title                    = {Non-parametric fragility curves for bridges using recorded ground motions},
  Author                   = {Mai, C.V. and Sudret, B. and Mackie, K. and Stojadinovic, B. and Konakli, K.},
  Booktitle                = {{Proc. 9th Int. Conf. Struct. Dynamics (EURODYN 2014), Porto, Portugal}},
  Year                     = {2014}
}

@InProceedings{MaiICASP2015,
  Title                    = {Polynomial chaos expansions for damped oscillators},
  Author                   = {Mai, C. V. and Sudret, B.},
  Booktitle                = {Proc. 12th~Int. Conf. on Applications of Stat. and Prob. in Civil Engineering (ICASP12), Vancouver, Canada},
  Year                     = {2015},
  Editor                   = {Haukaas, T.},
  Note                     = {Paper \#187},

  Opturl                   = {http://hdl.handle.net/2429/53205}
}

@InProceedings{MaiSIAMUQ2016,
  Title                    = {Mixing auto-regressive models and sparse polynomial chaos expansions for time-variant problems},
  Author                   = {Mai, C. V. and Sudret, B.},
  Booktitle                = {SIAM Conf. on Uncertainty Quantification, Lausanne (Switzerland), April 5-8},
  Year                     = {2016},
  Note                     = {(Talk only)}
}

@InProceedings{MaiUNCECOMP2015,
  Title                    = {Hierarchical adaptive polynomial chaos expansions},
  Author                   = {Mai, C. V. and Sudret, B.},
  Booktitle                = {Proc. 1st Int. Conf. Uncertainty Quantification in Computational Sciences and Engineering (UNCECOMP), Creta Island (Greece), May 25-27.},
  Year                     = {2015}
}

@Article{MaiKonakli2017,
  Title                    = {Seismic fragility curves for structures using non-parametric representations},
  Author                   = {Mai, C.-V. and Konakli, K. and Sudret, B.},
  Journal                  = {Frontiers Struct. Civ. Eng.},
  Year                     = {2017},
  Number                   = {2},
  Pages                    = {169--186},
  Volume                   = {11},

  Doi                      = {https://link.springer.com/article/10.1007/s11709-017-0385-y}
}

@Article{MaiIJUQ2016,
  Title                    = {Surrogate modeling for stochastic dynamical systems by combining nonlinear autoregressive with exogeneous input models and polynomial chaos expansions},
  Author                   = {Mai, C.-V. and Spiridonakos, M. D. and Chatzi, E.N. and Sudret, B.},
  Journal                  = {Int. J. Uncer. Quant.},
  Year                     = {2016},
  Number                   = {4},
  Pages                    = {313--339},
  Volume                   = {6}
}

@InProceedings{MarelliIcossar2017,
  Title                    = {Adaptive designs and sparse polynomial chaos expansions for structural reliability analysis},
  Author                   = {Marelli, S. and Sudret, B.},
  Booktitle                = {{Proc. 12th~Int. Conf. Struct. Safety and Reliability (ICOSSAR'2017)}, Vienna (Austria), August 6-10},
  Year                     = {2017},
  Editor                   = {Bucher, C.}
}

@InProceedings{MarelliICASP2015,
  Title                    = {Compressive polynomial chaos expansion for multi-dimensional model maps},
  Author                   = {Marelli, S. and Sudret, B.},
  Booktitle                = {Proc. 12th~Int. Conf. on Applications of Stat. and Prob. in Civil Engineering (ICASP12), Vancouver, Canada},
  Year                     = {2015},
  Editor                   = {Haukaas, T.},
  Note                     = {Paper \#209},

  Opturl                   = {http://hdl.handle.net/2429/53367}
}

@InProceedings{MarelliAPSRRA2016,
  Title                    = {Bootstrap-polynomial chaos expansions and adaptive designs for reliability analysis},
  Author                   = {Marelli, S. and Sudret, B.},
  Booktitle                = {Proc. {6th} {Asian-Pacific} {S}ymp. Struct. Reliab. {(APSSRA'2016)}, Tongji University, Shanghai (China), May 27-31.},
  Year                     = {2016},
  Editor                   = {Huang, H.W. and Li, J. and Zhang, J. and Chen, J.B.}
}

@Article{MarelliSS2018,
  author  = {Marelli, S. and Sudret, B.},
  title   = {An active-learning algorithm that combines sparse polynomial chaos expansions and bootstrap for structural reliability analysis},
  journal = {Structural Safety},
  year    = {2018},
  volume  = {75},
  pages   = {67--74},
}

@InProceedings{MarelliCEMRACS2017,
  Title                    = {Metamodels for uncertainty quantification and reliability analysis},
  Author                   = {Marelli, S. and Sudret, B.},
  Booktitle                = {{CEMRACS 2017} - Summer School on Numerical Methods for Stochastic Models, Marseille (France), July 20},
  Year                     = {2017},
  Note                     = {(Talk given by S.~Marelli)}
}

@InProceedings{MarelliMagdeburg2017,
  Title                    = {Uncertainty quantification and reliability analysis in engineering},
  Author                   = {Marelli, S. and Sudret, B.},
  Booktitle                = {5th Summer School of the IMPRS Magdeburg for Advanced Methods in Process and Systems Engineering on Decision making and uncertainty, Magdeburg (Germany), August 28-31},
  Year                     = {2017},
  Note                     = {(Talk given by S.~Marelli)}
}

@InProceedings{MarelliUNCECOMP2017,
  Title                    = {Towards the second year milestone: the {UQLab} development roadmap},
  Author                   = {Marelli, S. and Sudret, B.},
  Booktitle                = {Proc. 2nd Int. Conf. Uncertainty Quantification in Computational Sciences and Engineering (UNCECOMP), Rhodes Island (Greece), June 15-17},
  Year                     = {2017},
  Note                     = {(Talk given by S.~Marelli)}
}

@InProceedings{MarelliCSEBoston,
  Title                    = {Fast deployment of surrogate-modelling-based {UQ} techniques with {UQLab}},
  Author                   = {Marelli, S. and Sudret, B.},
  Booktitle                = {SIAM annual meeting, Boston, (USA), July 12th, 2016},
  Year                     = {2016},
  Note                     = {(Talk given by S. Marelli)}
}

@InProceedings{MarelliFCP2015,
  Title                    = {{UQLab}: a framework for uncertainty quantification in {Matlab}},
  Author                   = {Marelli, S. and Sudret, B.},
  Booktitle                = {2nd Frontiers in Computational Physics Conference: Energy Sciences, Zurich, Switzerland},
  Year                     = {2015},
  Note                     = {(Talk only)}
}

@InProceedings{MarelliICVRAM2014,
  Title                    = {{UQLab}: A framework for uncertainty quantification in {Matlab}},
  Author                   = {Marelli, S. and Sudret, B.},
  Booktitle                = {Vulnerability, Uncertainty, and Risk (Proc. 2nd Int. Conf. on Vulnerability, Risk Analysis and Management {(ICVRAM2014)}, Liverpool, United Kingdom)},
  Year                     = {2014},
  Pages                    = {2554-2563},
  Publisher                = {American Society of Civil Engineers},

  Chapter                  = {257},
  Optdoi                   = {10.1061/9780784413609.257},
  Opturl                   = {http://ascelibrary.org/doi/abs/10.1061/9780784413609.257}
}

@InProceedings{MarelliMascot2014,
  Title                    = {{UQLab}: a framework for uncertainty quantification in {MATLAB}},
  Author                   = {Marelli, S. and Sudret, B.},
  Booktitle                = {MascotNum Annual Workshop, ETH Zurich (Switzerland), April 23-25},
  Year                     = {2014},
  Note                     = {(Talk given by S. Marelli)}
}

@InProceedings{MarelliSudretIPW2013,
  Title                    = {Ingredients for an innovative uncertainty quantification platform in {MATLAB}},
  Author                   = {Marelli, S. and Sudret, B.},
  Booktitle                = {Proc. 11th Int. Probabilistic Workshop, Brno (Czech Republic), November 6-8},
  Year                     = {2013}
}

@InProceedings{MarelliSwissNumeric2013,
  Title                    = {{UQLab}: a framework for uncertainty quantification in {MATLAB}},
  Author                   = {Marelli, S. and Sudret, B.},
  Booktitle                = {Swiss Numerics Colloquium 2013, Lausanne (Switzerland), April 5th},
  Year                     = {2013},
  Note                     = {(Talk given by S. Marelli)}
}

@InProceedings{UQlabSIAMUQ2016,
  Title                    = {{UQLab}: A general-purpose {Matlab}-based platform for uncertainty quantification},
  Author                   = {Marelli, S. and Sudret, B. and Lataniotis, C. and Sch\"obi, R.},
  Booktitle                = {SIAM Conf. on Uncertainty Quantification, Lausanne (Switzerland), April 5-8},
  Year                     = {2016},
  Note                     = {(Poster)}
}

@PhdThesis{Mathieu2006,
  Title                    = {Analyse et mod\'elisation microm\'ecanique du comportement et de la rupture fragile de l'acier {16MND5} : Prise en compte des h\'et\'erog\'en\'eit\'es microstructurales},
  Author                   = {Mathieu, J.P.},
  School                   = {\'Ecole Nationale Sup\'erieure d'Arts et M\'etiers},
  Year                     = {2006},

  Owner                    = {dangxuan},
  Timestamp                = {2010.01.21}
}

@InProceedings{SudretMissoum2004,
  Title                    = {Handling bifurcations in the optimal design of transient dynamic problems},
  Author                   = {Missoum, S. and Benchaabane, S. and Sudret, B.},
  Booktitle                = {Proc. 45th~AIAA/ASME/ASCE Conf. on Structures, Dynamics and Materials, Palm Springs, California, USA},
  Year                     = {2004},
  Note                     = {{Paper \#2035}}
}

@Article{Moarefzadeh2018,
  author  = {Moarefzadeh, M. R. and Sudret, B.},
  title   = {Implementation of directional simulation to estimate outcrossing rates in time-variant reliability analysis of structures},
  journal = {Quality Reliab. Eng. Int.},
  year    = {2018},
  volume  = {xx},
  number  = {x},
  pages   = {xxx},
  doi     = {10.1002/qre.2374},
}

@InProceedings{MostarshediSudret2012,
  Title                    = {Multivariate uncertainty analysis of scattered electric field from building facades in urban environment},
  Author                   = {Mostarshedi, S. and Sudret, B. and Richalot, E. and Wiart, J. and Picon, O.},
  Booktitle                = {Proc. Advanced Electromagnetism Symposium (AES'2012), Special session on statistical methods and applications in electromagnetism, Paris (France)},
  Year                     = {2012}
}

@InProceedings{MoustaphaIcossar2017,
  Title                    = {Quantile-based optimization under uncertainties using polynomial chaos expansions},
  Author                   = {Moustapha, M. and Sudret, B.},
  Booktitle                = {{Proc. 12th~Int. Conf. Struct. Safety and Reliability (ICOSSAR'2017)}, Vienna (Austria), August 6-10},
  Year                     = {2017},
  Editor                   = {Bucher, C.}
}

@InProceedings{MoustaphaErlangen2017,
  Title                    = {Metamodeling for uncertainty quantification, reliability analysis and optimization},
  Author                   = {Moustapha, M. and Sudret, B.},
  Booktitle                = {Workshop on Efficiency, Metamodels and Reduction Methods, University of Erlangen-Nuremberg, March 15},
  Year                     = {2017},
  Note                     = {(Talk given by M.~Moustapha)}
}

@InProceedings{MalikiICASP2015,
  Title                    = {Adaptive {K}riging reliability-based design optimization of an automotive body structure under crashworthiness constraints},
  Author                   = {Moustapha, M. and Sudret, B. and Bourinet, J.-M. and Guillaume, B.},
  Booktitle                = {Proc. 12th~Int. Conf. on Applications of Stat. and Prob. in Civil Engineering (ICASP12), Vancouver, Canada},
  Year                     = {2015},
  Editor                   = {Haukaas, T.},
  Note                     = {Paper \#529},

  Opturl                   = {http://hdl.handle.net/2429/53417}
}

@InProceedings{MalikiIFIP2014,
  Title                    = {Reliability-based design optimization of automotive body structures under crashworthiness constraints},
  Author                   = {Moustapha, M. and Sudret, B. and Bourinet, J.-M. and Guillaume, B.},
  Booktitle                = {Proc. 17th~IFIP WG7.5 Conference on Reliability and Optimization of Structural Systems, Huangshan, China},
  Year                     = {2014},
  Editor                   = {Li, J and Zhao, Y.G},
  Publisher                = {Taylor \& Francis}
}

@Article{MoustaphaJRUES2018,
  author  = {Moustapha, M. and Sudret, B. and Bourinet, J.-M. and Guillaume, B.},
  title   = {Comparative study of {K}riging and support vector regression for structural engineering applications},
  journal = {ASCE-ASME J. Risk Uncertainty Eng. Syst., Part A: Civ. Eng.},
  year    = {2018},
  volume  = {4},
  number  = {2},
  note    = {Paper \#04018005},
  doi     = {https://doi.org/10.1061/AJRUA6.0000950},
}

@Article{MoustaphaSMO2016,
  Title                    = {Quantile-based optimization under uncertainties using adaptive Kriging surrogate models},
  Author                   = {Moustapha, M. and Sudret, B. and Bourinet, J.-M. and Guillaume, B.},
  Journal                  = {Struct. Multidisc. Optim.},
  Year                     = {2017},
  Number                   = {6},
  Pages                    = {1403--1421},
  Volume                   = {54}
}

@InProceedings{MalikiAFM2016,
  Title                    = {Quantile-based optimization using adaptive Kriging models: {A}pplication to car body design},
  Author                   = {Moustapha, M. and Sudret, B. and Bourinet, J.-M. and Guillaume, B.},
  Booktitle                = {3\`emes Journ\'ees de la conception robuste et fiable, Association Fran\c{c}aise de M\'ecanique, Paris (France), May 10th},
  Year                     = {2016},
  Note                     = {(Talk given by M.~Moustapha)}
}

@InProceedings{MalikiMascot2016,
  Title                    = {Quantile-based optimization using adaptive Kriging models: {A}pplication to car body design},
  Author                   = {Moustapha, M. and Sudret, B. and Bourinet, J.-M. and Guillaume, B.},
  Booktitle                = {MascotNum workshop on "Dealing with stochastics in optimization problems", Paris (France), May 13th, 2016},
  Year                     = {2016},
  Note                     = {(Talk given by M.~Moustapha)}
}

@InProceedings{MalikiSudretRouen2014,
  Title                    = {Metamodeling for crashworthiness design: comparative study of kriging and support vector regression},
  Author                   = {Moustapha, M. and Sudret, B. and Bourinet, J.-M. and Guillaume, B.},
  Booktitle                = {Proc. 2nd Int. Symposium on Uncertainty Quantification and Stochastic Modeling, Rouen, France},
  Year                     = {2014}
}

@InProceedings{NagelICASP2015,
  Title                    = {{B}ayesian assessment of the compressive strength of structural masonry},
  Author                   = {Nagel, J. and Mojsilovic, N. and Sudret, B.},
  Booktitle                = {Proc. 12th~Int. Conf. on Applications of Stat. and Prob. in Civil Engineering (ICASP12), Vancouver, Canada},
  Year                     = {2015},
  Editor                   = {Haukaas, T.},
  Note                     = {Paper \#194},

  Opturl                   = {http://hdl.handle.net/2429/53208}
}

@Article{NagelEAWAG2018,
  Title                    = {Uncertainty quantification in urban drainage simulation: fast surrogates for sensitivity analysis and model calibration},
  Author                   = {Nagel, J. and Rieckermann, J. and Sudret, B.},
  Journal                  = {Envir. Model. Soft.},
  Year                     = {2018},
  Note                     = {Submitted}
}

@InProceedings{NagelECCOMAS2016,
  Title                    = {Nonparametric posterior surrogates based on spectral likelihood expansions and least angle regression},
  Author                   = {Nagel, J.B. and Sudret, B.},
  Booktitle                = {7th Eur. Congress Comput. Meth. Appl. Sci. Eng. (ECCOMAS 2016), Crete Island (Greece), June 5-10},
  Year                     = {2016},
  Editor                   = {E. Ramm and M. Papadrakakis}
}

@Article{NagelJCP2016,
  Title                    = {Spectral likelihood expansions for {B}ayesian inference},
  Author                   = {Nagel, J. and Sudret, B.},
  Journal                  = {J. Comput. Phys.},
  Year                     = {2016},
  Pages                    = {267--294},
  Volume                   = {309}
}

@InProceedings{NagelSIAMUQ2016,
  Title                    = {Spectral likelihood expansions and nonparametric posterior surrogates},
  Author                   = {Nagel, J. and Sudret, B.},
  Booktitle                = {SIAM Conf. on Uncertainty Quantification, Lausanne (Switzerland), April 5-8},
  Year                     = {2016},
  Note                     = {(Talk given by J. Nagel)}
}

@Article{NagelSudretPEM2016,
  Title                    = {A unified framework for multilevel uncertainty quantification in {B}ayesian inverse problems},
  Author                   = {Nagel, J. and Sudret, B.},
  Journal                  = {Prob. Eng. Mech.},
  Year                     = {2016},
  Pages                    = {68--84},
  Volume                   = {43}
}

@InProceedings{NagelSRES2015,
  Title                    = {Optimal transportation for {Bayesian} inference in engineering},
  Author                   = {Nagel, J. and Sudret, B.},
  Booktitle                = {Proc. Symposium on Reliability of Engineering System (SRES'2015), Hangzhou, China},
  Year                     = {2015}
}

@Article{NagelSudretAIAA2015,
  Title                    = {{Bayesian} multilevel model calibration for inverse problems under uncertainty with perfect data},
  Author                   = {Nagel, J. and Sudret, B.},
  Journal                  = {J. Aerospace Information Systems},
  Year                     = {2015},
  Note                     = {Special Issue on Uncertainty Quantification},
  Pages                    = {97-113},
  Volume                   = {12}
}

@InProceedings{SudretPANACM2015,
  Title                    = {{PCE}-metamodeling for inverse heat conduction},
  Author                   = {Nagel, J. and Sudret, B.},
  Booktitle                = {1st Pan American Congress on Computational Mechanics (PANACM2015), Buenos Aires, Argentina},
  Year                     = {2015},
  Note                     = {(Talk only)}
}

@InProceedings{NagelICVRAM2014,
  Title                    = {A Bayesian Multilevel Approach to Optimally Estimate Material Properties},
  Author                   = {Nagel, J. and Sudret, B.},
  Booktitle                = {Vulnerability, Uncertainty, and Risk (Proc. 2nd Int. Conf. on Vulnerability, Risk Analysis and Management {(ICVRAM2014)}, Liverpool, United Kingdom)},
  Year                     = {2014},
  Pages                    = {1504-1513},
  Publisher                = {American Society of Civil Engineers},

  Chapter                  = {151},
  Optdoi                   = {10.1061/9780784413609.151},
  Opturl                   = {http://ascelibrary.org/doi/abs/10.1061/9780784413609.151}
}

@InProceedings{NagelSudretScitech2014,
  Title                    = {A {Bayesian} multilevel framework for uncertainty characterization and the {NASA Langley} multidisciplinary {UQ} challenge},
  Author                   = {Nagel, J. and Sudret, B.},
  Booktitle                = {Proc. 16th {AIAA} Non-Deterministic approaches conference ({SciTech 2014})},
  Year                     = {2014}
}

@InProceedings{NagelSudretIPW2013,
  Title                    = {Probabilistic inversion for estimating material properties: {A Bayesian} multilevel approach},
  Author                   = {Nagel, J. and Sudret, B.},
  Booktitle                = {Proc. 11th Int. Probabilistic Workshop, Brno (Czech Republic), November 6-8},
  Year                     = {2013}
}

@Article{NagelJRUES2016,
  Title                    = {{H}amiltonian {M}onte {C}arlo for Borrowing Strength in Hierarchical Inverse Problems},
  Author                   = {Nagel, J.~B. and Sudret, B.},
  Journal                  = {ASCE-ASME J. Risk Uncertainty Eng. Syst., Part A: Civ. Eng.},
  Year                     = {2016},
  Number                   = {3},
  Volume                   = {2},

  Doi                      = {{10.1061/AJRUA6.0000847 }}
}

@InProceedings{SudretNoret2010,
  Title                    = {Safety assessment of cylinder tanks submitted to explosions},
  Author                   = {Noret, E. and {Prodhomme}, G. and Sudret, B. and Yalamas, T. and Reimeringer, M. and Gross, M.-O.},
  Booktitle                = {Proc. 39th ESReDA Seminar on Challenges in Structural Safety and Risk Analysis, Coimbra (Portugal)},
  Year                     = {2010},

  Owner                    = {BST}
}

@InProceedings{PerrinLambdaMu2008,
  Title                    = {Experimental data integration for the lifetime assessment of structures submitted to thermal fatigue loadings},
  Author                   = {Perrin, F. and Pendola, M. and Sudret, B. },
  Booktitle                = {Proc. 16ème Congrès de Maîtrise des Risques et de Sûret\'e de Fonctionnement (LambdaMu 16)},
  Year                     = {2008}
}

@InProceedings{PendolaFD2007,
  Title                    = {The various kinds of uncertainties in fatigue assessment of structures},
  Author                   = {Perrin, F. and Pendola, M and Sudret, B. },
  Booktitle                = {Proc. Fatigue Design 2007, Senlis, France},
  Year                     = {2007}
}

@InProceedings{PerrinMECAMAT07,
  Title                    = {Actualisation de mod\`eles param\'etriques -- {A}pplication sur un mod\`ele de propagation de fissure},
  Author                   = {F. Perrin and B. Sudret},
  Booktitle                = {Colloque MECAMAT, Aussois},
  Year                     = {2007},
  Pages                    = {361-364}
}

@InProceedings{PerrinCFM07b,
  Title                    = {Use of polynomial chaos expansion and maximum likelihood estimation for probabilistic inverse problems},
  Author                   = {Perrin, F. and Sudret, B. and Blatman, G. and Pendola, M.},
  Booktitle                = {Proc. 18{$^e$} Congr\`es Fran\c{c}ais de M\'ecanique, {(CFM'2007)}, Grenoble},
  Year                     = {2007}
}

@InProceedings{PerrinSenlis2007,
  Title                    = {Efficient {B}ayesian updating of structural fatigue design curve using experimental thermal fatigue data},
  Author                   = {Perrin, F. and Sudret, B. and Curtit, F. and St\'ephan, J.-M. and Pendola, M.},
  Booktitle                = {Proc. Fatigue Design 2007, Senlis, France},
  Year                     = {2007}
}

@InProceedings{SudretAsranet2008,
  Title                    = {Use of polynomial chaos expansions in stochastic inverse problems},
  Author                   = {Perrin, F. and Sudret, B. and Pendola, M.},
  Booktitle                = {Proc. 4th Int. {ASRANet} Colloquium, Athens, Greece},
  Year                     = {2008}
}

@InProceedings{PerrinCFM07a,
  Title                    = {Bayesian updating of mechanical models -- {A}pplication in fracture mechanics},
  Author                   = {Perrin, F. and Sudret, B. and Pendola, M.},
  Booktitle                = {Proc. 18{$^e$} Congr\`es Fran\c{c}ais de M\'ecanique {(CFM'2007)}, Grenoble},
  Year                     = {2007}
}

@InProceedings{PerrinICASP2007,
  Title                    = {Comparison of {M}arkov chain {M}onte-{C}arlo simulation and a {FORM}-based approach for {B}ayesian updating of mechanical models},
  Author                   = {Perrin, F. and Sudret, B. and Pendola, M. and {de Rocquigny}, E.},
  Booktitle                = {Proc. 10th~Int. Conf. on Applications of Stat. and Prob. in Civil Engineering (ICASP10), Tokyo, Japan},
  Year                     = {2007},
  Editor                   = {Kanda, J. and Takada, T. and Furuta, H.}
}

@InProceedings{PerrinFD2005,
  Title                    = {Comparison of two statistical treatments of fatigue test data},
  Author                   = {Perrin, F. and Sudret, B. and Pendola, M. and Lemaire, M.},
  Booktitle                = {Proc. Fatigue Design 2005, Senlis, France},
  Year                     = {2005}
}

@InProceedings{SudretSNCFIcasp2011,
  Title                    = {Propagation of variability in railway dynamics simulations},
  Author                   = {Perrin, G. and Funfschilling, C. and Sudret, B.},
  Booktitle                = {Proc. 11th~Int. Conf. on Applications of Stat. and Prob. in Civil Engineering (ICASP11), Zurich, Switzerland},
  Year                     = {2011},
  Editor                   = {Faber, {M.H.} and K\"ohler, J. and Nishijima, K.}
}

@Article{Peter2018,
  author  = {Peter, S.J. and Siviglia, A. and Nagel, J. and Marelli, S. and Boes, R.M. and Sudret, B. and Vetsch, D.},
  title   = {Development of probabilistic dam breach model using Bayesian inference},
  journal = {Water Resources Res.},
  year    = {2018},
  pages   = {4376--4400},
  doi     = {https://doi.org/10.1029/2017WR021176},
}

@Article{PetreLazarSudret2006,
  Title                    = {Service life estimation of the secondary containment with respect to rebar corrosion},
  Author                   = {Petre-Lazar, I. and Sudret, B. and Foct, F. and Granger, L. and Dechaux, L.},
  Journal                  = {J. Physique IV},
  Year                     = {2006},
  Note                     = {V. L'Hostis, F. Foct and D. F\'eron, Eds.},
  Pages                    = {201--212},
  Volume                   = {136},

  Owner                    = {sudret}
}

@InProceedings{SudretIPL2006,
  Title                    = {Service life estimation of the secondary containment with respect to rebars corrosion},
  Author                   = {{Petre-Lazar}, I. and Sudret, B. and Foct, F. and Granger, L. and Dechaux, L.},
  Booktitle                = {Proc. NucPerf 2006 "Corrosion and long term performance of concrete in NPP and waste facilities", Cadarache, France},
  Year                     = {2006}
}

@Article{Phoon2003,
  Title                    = {Development of a reliability-based design framework for transmission line structure foundations},
  Author                   = {Phoon, K. and Kulhawy, F. and Grigoriu, M.},
  Journal                  = {J. Geotech. Geoenviron. Eng. (ASCE)},
  Year                     = {2003},
  Number                   = {9},
  Pages                    = {798806.},
  Volume                   = {129}
}

@Article{Podo2017ESREL,
  Title                    = {Editorial: {Special Issue of ESREL 2015}},
  Author                   = {Podofillini, L. and Sudret, B. and Stojadinovic, B. and Zio, E. and Kr\"oger, W.},
  Journal                  = {J. Risk Reliab.},
  Year                     = {2017},
  Number                   = {4},
  Pages                    = {337--338},
  Volume                   = {231},

  Doi                      = {http://journals.sagepub.com/doi/pdf/10.1177/1748006X17724236}
}

@InProceedings{SudretRaphael2004,
  Title                    = {Correction bay\'esienne et \'etude fiabiliste des mod\`eles de calcul du fluage du b\'eton},
  Author                   = {Raphael, W. and {Seif El Dine}, B. and Mohamed, A. and Sudret, B. and Calgaro, J.-A.},
  Booktitle                = {Proc. $\lambda\mu$14, Bourges},
  Year                     = {2004}
}

@InProceedings{RichalotSudret2013,
  Title                    = {Increasing contribution of stochastic methods in the characterization of complex systems: reverberation chambers and urban environment},
  Author                   = {Richalot, E. and Mostarshedi, S. and Picon, O. and Selemani, K. and Legrand, O. and Mortessagne, F. and Gros, J.B. and Sudret, B. and Wiart, J.},
  Booktitle                = {Proc. Int. Conf. Electromagnetics Advanced Applications (ICEAA'13), Torino, Italy},
  Year                     = {2013},
  Pages                    = {1056--1059},
  Publisher                = {SELENE Srl {\textendash} Eventi e Congressi}
}

@InProceedings{SudretSaassouh2008,
  Title                    = {Uncertainty analysis based on polynomial chaos expansions using {Open} {TURNS}},
  Author                   = {Saassouh, B. and Sudret, B. and Blatman, G. },
  Booktitle                = {Proc. 35th ESReDA Seminar, Marseille},
  Year                     = {2008}
}

@InProceedings{MarelliJNFiab2016,
  Title                    = {Méthodes numériques pour la fiabilité des systèmes complexes : la plate-forme {UQLab}},
  Author                   = {Sch\"obi, R. and Marelli, S. and Sudret, B.},
  Booktitle                = {Proc. 9$^e$ Journ\'ees Fiabilit\'e des Mat\'eriaux et des Structures, Nancy, France},
  Year                     = {2016}
}

@InProceedings{SchoebiIcossar2017,
  Title                    = {{PCE}-based imprecise {Sobol'} indices},
  Author                   = {Sch\"obi, R. and Sudret, B.},
  Booktitle                = {{Proc. 12th~Int. Conf. Struct. Safety and Reliability (ICOSSAR'2017)}, Vienna (Austria), August 6-10},
  Year                     = {2017},
  Editor                   = {Bucher, C.}
}

@InProceedings{SudretIcossar2017,
  Title                    = {Application of conditional random fields and sparse polynomial chaos expansions in structural reliability analysis},
  Author                   = {Sch\"obi, R. and Sudret, B.},
  Booktitle                = {{Proc. 12th~Int. Conf. Struct. Safety and Reliability (ICOSSAR'2017)}, Vienna (Austria), August 6-10},
  Year                     = {2017},
  Editor                   = {Bucher, C.}
}

@InProceedings{SudretCSM2014,
  Title                    = {Combining polynomial chaos expansions and {Kriging} for solving stochastic mechanics problems},
  Author                   = {Sch\"obi, R. and Sudret, B.},
  Booktitle                = {Proc. 7th~Int. Conf. on Comp. Stoch. Mech (CSM7), Santorini, Greece},
  Year                     = {2014},
  Editor                   = {Deodatis, G. and Spanos, P.D.},
  Pages                    = {562--575},
  Publisher                = {Research Publishing}
}

@InProceedings{SchoebiICASP2015,
  Title                    = {Propagation of uncertainties modelled by parametric p-boxes using sparse polynomial chaos expansions},
  Author                   = {Sch\"obi, R. and Sudret, B.},
  Booktitle                = {Proc. 12th~Int. Conf. on Applications of Stat. and Prob. in Civil Engineering (ICASP12), Vancouver, Canada},
  Year                     = {2015},
  Editor                   = {Haukaas, T.},
  Note                     = {Paper \#116},

  Optdoi                   = {10.13140/RG.2.1.2467.1205},
  Opturl                   = {http://hdl.handle.net/2429/53141}
}

@InProceedings{SchoebiAPSRRA2016,
  Title                    = {Multi-level meta-modelling in imprecise structural reliability analysis},
  Author                   = {Sch\"obi, R. and Sudret, B.},
  Booktitle                = {Proc. {6th} {Asian-Pacific} {S}ymp. Struct. Reliab. {(APSSRA'2016)}, Tongji University, Shanghai (China), May 27-31.},
  Year                     = {2016},
  Editor                   = {Huang, H.W. and Li, J. and Zhang, J. and Chen, J.B.}
}

@InProceedings{SchoebiIFIP2014,
  Title                    = {{PC-Kriging}: A new meta-modelling method and its applications to quantile estimation},
  Author                   = {Sch\"obi, R. and Sudret, B.},
  Booktitle                = {Proc. 17th~IFIP WG7.5 Conference on Reliability and Optimization of Structural Systems, Huangshan, China},
  Year                     = {2014},
  Editor                   = {Li, J and Zhao, Y.G},
  Publisher                = {Taylor \& Francis}
}

@InProceedings{SchoebiESREL2015,
  Title                    = {Imprecise structural reliability analysis using {PC-Kriging}},
  Author                   = {Sch\"obi, R. and Sudret, B.},
  Booktitle                = {Safety and Reliability of Complex Engineered Systems, Proc. 25th European Safety and Reliability Conference (ESREL'2015)},
  Year                     = {2015},
  Editor                   = {Podofillini, L. and Sudret, B. and Stojadinovic, B. and Zio, E. and Kr\"oger, W.},
  Publisher                = {CRC Press}
}

@InProceedings{SchoebiIFIP2016,
  Title                    = {Comparing probabilistic and p-box input modelling in structural reliability analysis},
  Author                   = {Sch\"obi, R. and Sudret, B.},
  Booktitle                = {Proc. 18th~IFIP WG7.5 Conference on Reliability and Optimization of Structural Systems, University of Carnegie Mellon, Pittsburgh (USA), May 18-20},
  Year                     = {2016},
  Editor                   = {Pozzi, M. and Bielak, J. and Straub, D.}
}

@InProceedings{SchoebiISGSR2015,
  Title                    = {Application of conditional random fields and sparse polynomial chaos expansions to geotechnical problems},
  Author                   = {Sch\"obi, R. and Sudret, B.},
  Booktitle                = {Proc. 15th Int. Symposium of Geotechnical Safety and Risk (ISGSR2015), Rotterdam, Netherlands},
  Year                     = {2015},
  Editor                   = {Schweckendiek, T. and {van Tol}, A.F. and Pereboom, D. and {van Staveren}, M. and Cools, P.},
  Pages                    = {445--450}
}

@Article{SchoebiRESS2018,
  Title                    = {Global sensitivity analysis in the context of imprecise probabilities (p-boxes) using sparse polynomial chaos expansions},
  Author                   = {Sch\"obi, R. and Sudret, B.},
  Journal                  = {Reliab. Eng. Sys. Safety},
  Year                     = {2018},
  Note                     = {(Submitted)},

  Doi                      = {https://arxiv.org/abs/1705.10061}
}

@Article{SchoebiJCP2017,
  Title                    = {Uncertainty propagation of p-boxes using sparse polynomial chaos expansions},
  Author                   = {Sch\"obi, R. and Sudret, B.},
  Journal                  = {J. Comput. Phys},
  Year                     = {2017},
  Pages                    = {307--327},
  Volume                   = {339},

  Doi                      = {http://www.sciencedirect.com/science/article/pii/S0021999117302164}
}

@Article{SchoebiPEM2017,
  Title                    = {Structural reliability analysis for p-boxes using multi-level meta-models},
  Author                   = {Sch\"obi, R. and Sudret, B.},
  Journal                  = {Prob. Eng. Mech.},
  Year                     = {2017},
  Pages                    = {27--38},
  Volume                   = {48},

  Doi                      = {10.1016/j.probengmech.2017.04.001},
  File                     = {:https\://arxiv.org/abs/1705.03947:URL}
}

@InProceedings{SchoebiSAMO2016,
  Title                    = {{PCE}-based imprecise {Sobol'} indices},
  Author                   = {Sch\"obi, R. and Sudret, B.},
  Booktitle                = {8th Int.Conf. Sensitivity Analysis of Model Output {(SAMO-3rd'2016)}, La R\'eunion Island, December~1-3 (Poster)},
  Year                     = {2016}
}

@InProceedings{SchoebiSIAMUQ2016,
  Title                    = {From probability-boxes to imprecise failure probabilities using meta-models},
  Author                   = {Sch\"obi, R. and Sudret, B.},
  Booktitle                = {SIAM Conf. on Uncertainty Quantification, Lausanne (Switzerland), April 5-8},
  Year                     = {2016},
  Note                     = {(Talk given by R. Sch\"obi)}
}

@InProceedings{SchoebiIPW2015,
  Title                    = {Free versus parametric probability-boxes in uncertainty quantification},
  Author                   = {Sch\"obi, R. and Sudret, B.},
  Booktitle                = {Proc. 13th Int. Probabilistic Workshop, Liverpool, UK},
  Year                     = {2015},
  Note                     = {(Talk only)}
}

@InProceedings{SchoebiMascot2015,
  Title                    = {Imprecise probabilities and sparse polynomial chaos expansions},
  Author                   = {Sch\"obi, R. and Sudret, B.},
  Booktitle                = {MascotNum workshop , Ecole des Mines de Saint-\'Etienne (France), April 8-10 (Poster)},
  Year                     = {2015}
}

@InProceedings{SchoebiSudretRouen2014,
  Title                    = {{PC-Kriging}: a new metamodelling method combining polynomial chaos expansions and {Kriging}},
  Author                   = {Sch\"obi, R. and Sudret, B.},
  Booktitle                = {Proc. 2nd Int. Symposium on Uncertainty Quantification and Stochastic Modeling, Rouen, France},
  Year                     = {2014}
}

@Article{SchoebiASCE2016,
  Title                    = {Rare event estimation using {Polynomial-Chaos-Kriging}},
  Author                   = {Sch\"obi, R. and Sudret, B. and Marelli, S.},
  Journal                  = {ASCE-ASME J. Risk Uncertainty Eng. Syst., Part A: Civ. Eng.},
  Year                     = {2016},
  Note                     = {D4016002},

  Doi                      = {10.1061/AJRUA6.0000870}
}

@Article{SchoebiIJUQ2015,
  Title                    = {Polynomial-chaos-based {Kriging}},
  Author                   = {Sch\"obi, R. and Sudret, B. and Wiart, J.},
  Journal                  = {Int. J. Uncertainty Quantification},
  Year                     = {2015},
  Number                   = {2},
  Pages                    = {171--193},
  Volume                   = {5}
}

@Article{SpiriChatziSudret2016,
  Title                    = {Polynomial chaos expansion models for the monitoring of structures under operational variability},
  Author                   = {Spiridonakos, M. and Chatzi, E. and Sudret, B.},
  Journal                  = {ASCE-ASME J. Risk Uncertainty Eng. Syst., Part A: Civ. Eng.},
  Year                     = {2016},
  Note                     = {B4016003},
  Number                   = {3},
  Volume                   = {2},

  Doi                      = {10.1061/AJRUA6.0000872}
}

@InBook{SudretHermes2011c,
  Title                    = {Approches probabilistes de la fiabilit\'e dans le temps},
  Author                   = {Sudret, B.},
  Chapter                  = {10},
  Editor                   = {Baroth, J. and Schoefs, F. and Breysse, D.},
  Pages                    = {237--256},
  Publisher                = {Editions Herm\`es},
  Year                     = {2011},
  Series                   = {Fiabilit\'e des ouvrages, Trait\'e "M\'ecanique et Ing\'enierie des Mat\'eriaux" (J. Baroth, F. Schoefs, and D. Breysse (Eds))},

  Owner                    = {sudret},
  Timestamp                = {2010.12.23}
}

@InBook{SudretWiley2011c,
  Title                    = {Time-variant reliability problems},
  Author                   = {Sudret, B.},
  Chapter                  = {10},
  Editor                   = {Baroth, J. and Schoefs, F. and Breysse, D.},
  Pages                    = {187--206},
  Publisher                = {ISTE/Wiley},
  Year                     = {2011},
  Series                   = {Construction reliability -- {\em safety, variability and sustainability} (J. Baroth, F. Schoefs, and D. Breysse (Eds))}
}

@InBook{SudretWiley2011d,
  Title                    = {Bayesian updating techniques in structural reliability},
  Author                   = {Sudret, B.},
  Chapter                  = {12},
  Editor                   = {Baroth, J. and Schoefs, F. and Breysse, D.},
  Pages                    = {227--248},
  Publisher                = {ISTE/Wiley},
  Year                     = {2011},
  Series                   = {Construction reliability -- {\em safety, variability and sustainability} (J. Baroth, F. Schoefs, and D. Breysse (Eds))}
}

@InBook{SudretFatigueWiley2011,
  Title                    = {Probabilistic design of structures submitted to fatigue},
  Author                   = {Sudret, B.},
  Chapter                  = {5},
  Editor                   = {Bathias, C. and Pineau, A.-G.},
  Pages                    = {223--263},
  Publisher                = {Wiley \& Sons},
  Year                     = {2011},
  Series                   = {Fatigue of materials and structures -- {A}pplication to damage and design},

  Owner                    = {sudret}
}

@InBook{SudretFatigueHermes2008,
  Title                    = {{A}pproche probabiliste du dimensionnement \`a la fatigue des structures},
  Author                   = {Sudret, B.},
  Chapter                  = {5},
  Editor                   = {Bathias, C. and Pineau, A.-G.},
  Pages                    = {257--297},
  Publisher                = {Editions Herm\`es},
  Year                     = {2008},
  Series                   = {Fatigue des mat\'eriaux et des structures, Trait\'e "M\'ecanique et Ing\'enierie des Mat\'eriaux" (C. Bathias and A.-G. Pineau (Eds))},
  Volume                   = {3}
}

@InCollection{SudretIPSI2006a,
  Title                    = {Time-variant reliability methods},
  Author                   = {Sudret, B.},
  Booktitle                = {Approche probabiliste de la conception et du dimensionnement en contexte incertain},
  Publisher                = {Institut pour la {P}romotion des {S}ciences de l'{I}ng\'enieur {(IPSI)}},
  Year                     = {2006},
  Chapter                  = {11},
  Editor                   = {Lemaire, M.}
}

@InCollection{SudretIPSI2006b,
  Title                    = {Industrial applications},
  Author                   = {Sudret, B.},
  Booktitle                = {Approche probabiliste de la conception et du dimensionnement en contexte incertain},
  Publisher                = {Institut pour la {P}romotion des {S}ciences de l'{I}ng\'enieur {(IPSI)}},
  Year                     = {2006},
  Chapter                  = {12},
  Editor                   = {Lemaire, M.}
}

@InProceedings{SudretAPSRRA2012,
  Title                    = {Meta-models for structural reliability and uncertainty quantification},
  Author                   = {Sudret, B.},
  Booktitle                = {Proc. {5th} {Asian-Pacific} {S}ymp. Struct. Reliab. {(APSSRA'2012)}, Singapore},
  Year                     = {2012},
  Editor                   = {Phoon, K.K. and Beer, M. and Quek, S.T. and Pang, S.D.},
  Note                     = {{\bf Keynote lecture}},
  Pages                    = {53--76}
}

@InBook{SudretBookPhoon2014,
  Title                    = {Polynomial chaos expansions and stochastic finite element methods},
  Author                   = {Sudret, B.},
  Chapter                  = {6},
  Editor                   = {Phoon, K.-K. and Ching, J.},
  Pages                    = {265-300},
  Publisher                = {Taylor and Francis},
  Year                     = {2015},
  Series                   = {Risk and Reliability in Geotechnical Engineering}
}

@InProceedings{SudretIFIP2005,
  Title                    = {Analytical derivation of the outcrossing rate in time-variant reliability problems},
  Author                   = {Sudret, B.},
  Booktitle                = {Proc. 12th~IFIP WG7.5 Conference on Reliability and Optimization of Structural Systems, Aalborg, Danemark},
  Year                     = {2005},
  Editor                   = {Sorensen, J.D. and Frangopol, D.M.},
  Pages                    = {125-133},
  Publisher                = {Taylor \& Francis}
}

@InProceedings{SudretCSM2006,
  author    = {Sudret, B.},
  title     = {Global sensitivity analysis using polynomial chaos expansions},
  booktitle = {Proc. 5th~Int. Conf. on Comp. Stoch. Mech (CSM5), Rhodos, Greece, June 21-23},
  year      = {2006},
  editor    = {P. Spanos and G. Deodatis},
}

@InProceedings{SudretBRGM2018,
  Title                    = {Surrogate models for uncertain dynamical systems: applications to earthquake engineering},
  Author                   = {Sudret, B.},
  Booktitle                = {Symposium on Uncertainty Quantification in Computational Geosciences, BRGM (France), January 16th},
  Year                     = {2018},
  Note                     = {{\bf Invited lecture}}
}

@InProceedings{SudretICVRAM2018,
  Title                    = {Recent developments in surrogate modelling for uncertainty quantification},
  Author                   = {Sudret, B.},
  Booktitle                = {Vulnerability, Uncertainty, and Risk (Proc. 3rd Int. Conf. on Vulnerability, Risk Analysis and Management {(ICVRAM2018)}, Florianopolis, Brazil)},
  Year                     = {2018},
  Note                     = {{\bf Keynote lecture}}
}

@InProceedings{SudretResilience2018,
  Title                    = {Uncertainty quantification in the simulation of complex systems},
  Author                   = {Sudret, B.},
  Booktitle                = {First Int. Conf. on Infrastructure Resilience, ETH Zurich (Switzerland), February 15th},
  Year                     = {2018},
  Note                     = {{\bf Invited lecture}}
}

@InProceedings{SudretTNO2018,
  Title                    = {Active learning methods for reliability analysis of engineering systems},
  Author                   = {Sudret, B.},
  Booktitle                = {Workshop on Computational Challenges in the Reliability Assessment of Engineering Structures, TNO Delft (The Netherlands), January 24th},
  Year                     = {2018},
  Note                     = {{\bf Invited lecture}}
}

@Misc{SudretBaustatik,
  Title                    = {Einf\"uhrung in die {B}austatik},

  Author                   = {Sudret, B.},
  Note                     = {ETH Zurich (277~pages)},
  Year                     = {2017}
}

@Misc{SudretMecaStructures,
  Title                    = {Introduction \`a la m\'ecanique des structures},

  Author                   = {Sudret, B.},
  Note                     = {ETH Zurich (270~pages)},
  Year                     = {2017}
}

@InProceedings{SudretBerlin2016a,
  Title                    = {Uncertainty quantification for engineering risk analysis},
  Author                   = {Sudret, B.},
  Booktitle                = {GAMM-UQ Uncertainty Quantification Summer School, Weierstrass Institute for Applied Analysis and Stochastics, Berlin (Germany), September 12-16},
  Year                     = {2016},
  Note                     = {{\bf Invited lecture}}
}

@InProceedings{SudretBerlin2016b,
  Title                    = {Structural reliability methods},
  Author                   = {Sudret, B.},
  Booktitle                = {GAMM-UQ Uncertainty Quantification Summer School, Weierstrass Institute for Applied Analysis and Stochastics, Berlin (Germany), September 12-16},
  Year                     = {2016},
  Note                     = {{\bf Invited lecture}}
}

@InProceedings{SudretBFE2016,
  Title                    = {Uncertainty quantification in engineering -- {F}ramework and applications},
  Author                   = {Sudret, B.},
  Booktitle                = {Bundesamt f\"ur Energie, Bern (Switzerland), March 17th},
  Year                     = {2016},
  Note                     = {{\bf Invited lecture}}
}

@InProceedings{SudretEMI2016,
  Title                    = {Surrogate models for uncertainty quantification and reliability analysis},
  Author                   = {Sudret, B.},
  Booktitle                = {Engineering Mechanics Institute Conference {(EMI'2016)}, Vanderbilt University, Nashville (USA), May 23rd},
  Year                     = {2016},
  Note                     = {{\bf Plenary lecture}}
}

@InProceedings{SudretFFM2016,
  Title                    = {Surrogate models for uncertainty quantification and sensitivity analysis},
  Author                   = {Sudret, B.},
  Booktitle                = {Séminaire de la Fédération Francilienne de Mécanique, Ecole Nationale Supérieure des Arts et Métiers, Paris (France), June 16th},
  Year                     = {2016},
  Note                     = {{\bf Invited lecture}}
}

@InProceedings{SudretRiskCenter2016,
  Title                    = {Uncertainty quantification in engineering -- {F}ramework and applications},
  Author                   = {Sudret, B.},
  Booktitle                = {4th Risk Center Dialog Event, ETH Zurich (Switzerland), January 15th},
  Year                     = {2016},
  Note                     = {{\bf Invited lecture}}
}

@InProceedings{SudretSAMO2016,
  Title                    = {Surrogate models for global sensitivity analysis -- Old and New},
  Author                   = {Sudret, B.},
  Booktitle                = {8th Int.Conf. Sensitivity Analysis of Model Output {(SAMO'2016)}, La R\'eunion Island, December~1st},
  Year                     = {2016},
  Note                     = {{\bf Keynote lecture}}
}

@InProceedings{SudretUMEMA2016,
  Title                    = {Uncertainty quantification in engineering sciences -- {F}ocus on surrogate models},
  Author                   = {Sudret, B.},
  Booktitle                = {Uncertainty Modeling for Electromagnetic Applications (UMEMA~2016), Paris (France), July 4th},
  Year                     = {2016},
  Note                     = {{\bf Invited lecture}}
}

@InProceedings{SudretWeimar2016a,
  Title                    = {Uncertainty propagation using polynomial chaos expansions},
  Author                   = {Sudret, B.},
  Booktitle                = {Summer School ``Uncertainty in Modelling'', Bauhaus Universit\"at Weimar (Germany), September 5-8},
  Year                     = {2016},
  Note                     = {{\bf Invited lecture}}
}

@InProceedings{SudretWeimar2016b,
  Title                    = {{UQLab}: the uncertainty quantification software framework},
  Author                   = {Sudret, B.},
  Booktitle                = {Summer School ``Uncertainty in Modelling'', Bauhaus Universit\"at Weimar (Germany), September 5-8},
  Year                     = {2016},
  Note                     = {{\bf Invited lecture}}
}

@InProceedings{SudretADKSymp2015,
  Title                    = {A few things {I} learned from {Prof. Armen Der Kiureghian}},
  Author                   = {Sudret, B.},
  Booktitle                = {Risk and Reliability Symposium in Honor of Prof. Armen Der Kiureghian, University of Illinois at Urbana-Champaign (USA), October 4th},
  Year                     = {2015},
  Note                     = {(Talk only)}
}

@InProceedings{SudretIHP2015,
  Title                    = {Sparse polynomial chaos expansions for uncertainty propagation and sensitivity analysis},
  Author                   = {Sudret, B.},
  Booktitle                = {Workshop on ''Propagation of Uncertainty'', Institut Louis Bachelier, Paris (France), December 11th},
  Year                     = {2015},
  Note                     = {{\bf Invited lecture}}
}

@InProceedings{SudretUNCECOMP2015,
  Title                    = {Sparse polynomial chaos expansions for solving high-dimensional {UQ} problems},
  Author                   = {Sudret, B.},
  Booktitle                = {1st Int. Conf. Uncertainty Quantification in Computational Sciences and Engineering (UNCECOMP), Creta Island (Greece), May 26th},
  Year                     = {2015},
  Note                     = {{\bf Semi-plenary lecture}}
}

@InProceedings{SudretUlm2014,
  Title                    = {Uncertainty quantification in engineering -- a computational viewpoint},
  Author                   = {Sudret, B.},
  Booktitle                = {Proc. 11th German Probability and Statistics Days (GPSD 2014)},
  Year                     = {2014},
  Note                     = {{\bf Invited lecture}}
}

@InProceedings{SudretAvocats2013,
  Title                    = {Fiabilit\'e des structures et analyse de risque},
  Author                   = {Sudret, B.},
  Booktitle                = {Journ\'ee FSA - Droit de la Construction, Fribourg (Switzerland), September 13},
  Year                     = {2013},
  Note                     = {({\bf Invited lecture})}
}

@InProceedings{SudretBonn2013,
  Title                    = {Sparse polynomial chaos expansions in engineering applications},
  Author                   = {Sudret, B.},
  Booktitle                = {Workshop on "Numerical Methods for Uncertainty Quantification", University of Bonn (Germany), May 14th},
  Year                     = {2013},
  Note                     = {({\bf Invited lecture})}
}

@InProceedings{SudretBoquse2013,
  Title                    = {Sparse polynomial chaos expansions and application to sensitivity analysis},
  Author                   = {Sudret, B.},
  Booktitle                = {Int. Workshop Uncertainty Quantification in fluids Simulation, INRIA Bordeaux (France), December 18th},
  Year                     = {2013},
  Note                     = {({\bf Invited lecture})}
}

@InProceedings{SudretDBAUG2013,
  Title                    = {A short review of computational methods for uncertainty quantification in engineering},
  Author                   = {Sudret, B.},
  Booktitle                = {DBAUG Workshop on common challenges in computationally-based engineering research, ETH Zurich (Switzerland), June 5th},
  Year                     = {2013},
  Note                     = {(Talk only)}
}

@InProceedings{SudretFBH2013,
  Title                    = {Basics of structural reliability and links with structural design codes},
  Author                   = {Sudret, B.},
  Booktitle                = {Fachgruppe f\"ur Br\"uckenbau und Hochbau -- Herbsttagung "Sch\"aden, Unf\"alle - Entstehung", ETH Zurich (Switzerland), November 22nd},
  Year                     = {2013},
  Note                     = {({\bf Invited lecture})}
}

@InProceedings{SudretInaugural2013,
  Title                    = {Uncertainty quantification in engineering},
  Author                   = {Sudret, B.},
  Booktitle                = {Inaugural lecture, ETH Zurich (Switzerland), April 9th},
  Year                     = {2013}
}

@InProceedings{SudretUTC2013,
  Title                    = {Computational methods for uncertainty quantification and sensitivity analysis of complex systems},
  Author                   = {Sudret, B.},
  Booktitle                = {{LabeX MS2T}, Université Technologique de Compiègne (France), February 14th},
  Year                     = {2013},
  Note                     = {({\bf Invited lecture})}
}

@InProceedings{MascotNumToulouse2012,
  Title                    = {Sensitivity analysis in case of dependent input variables using polynomial chaos expansions},
  Author                   = {Sudret, B.},
  Booktitle                = {MascotNum workshop , University of Toulouse (France), May 3rd},
  Year                     = {2012},
  Note                     = {{\bf Invited lecture}}
}

@Article{SudretRESS2008a,
  Title                    = {Probabilistic models for the extent of damage in degrading reinforced concrete structures},
  Author                   = {Sudret, B.},
  Journal                  = {Reliab. Eng. Sys. Safety},
  Year                     = {2008},
  Pages                    = {410-422},
  Volume                   = {93}
}

@Article{SudretRESS2008b,
  Title                    = {Global sensitivity analysis using polynomial chaos expansions},
  Author                   = {Sudret, B.},
  Journal                  = {Reliab. Eng. Sys. Safety},
  Year                     = {2008},
  Pages                    = {964--979},
  Volume                   = {93}
}

@Article{SudretSIE2008,
  Title                    = {Analytical derivation of the outcrossing rate in time-variant reliability problems},
  Author                   = {Sudret, B.},
  Journal                  = {Struct. Infrastruct. Eng},
  Year                     = {2008},
  Number                   = {5},
  Pages                    = {353-362},
  Volume                   = {4}
}

@Misc{SudretHDR,
  Title                    = {Uncertainty propagation and sensitivity analysis in mechanical models -- {C}ontributions to structural reliability and stochastic spectral methods},

  Author                   = {Sudret, B.},
  Note                     = {Habilitation \`a diriger des recherches, Universit\'e Blaise Pascal, Clermont-Ferrand, France (229 pages)},
  Year                     = {2007}
}

@InProceedings{SudretCFM2005,
  Title                    = {Des \'el\'ements finis stochastiques spectraux aux surfaces de r\'eponses stochastiques~: une approche unifi\'ee},
  Author                   = {Sudret, B.},
  Booktitle                = {{Proc. 17{$^e$} Congr\`es Fran\c{c}ais de M\'ecanique (CFM17), Troyes}},
  Year                     = {2005},
  Note                     = {{Paper \#864}}
}

@InProceedings{SudretSMIRT05,
  Title                    = {Probabilistic framework for the assessment of structures submitted to thermal fatigue},
  Author                   = {Sudret, B.},
  Booktitle                = {Trans. 18th~Int. Conf. on Struct. Mech. in Reactor Tech. (SMiRT~18), Beijing, China},
  Year                     = {2005}
}

@InProceedings{SudretJP04,
  Title                    = {Cadre d'analyse probabiliste global des tuyauteries en fatigue thermique},
  Author                   = {Sudret, B.},
  Booktitle                = {Proc. 23{$^e$} {Journ\'ees de Printemps} -- {Commission Fatigue}, {"M\'ethodes} fiabilistes en fatigue pour conception et essais", Paris},
  Year                     = {2004}
}

@InProceedings{SudretAsranet2002,
  Title                    = {Comparison of the spectral stochastic finite element method with the perturbation method for second moment analysis},
  Author                   = {Sudret, B.},
  Booktitle                = {Proc. 1st Int. {ASRANet} Colloquium, Glasgow, United Kingdom},
  Year                     = {2002},

  Owner                    = {Sudret}
}

@InProceedings{SudretCFM2001,
  Title                    = {El\'ements finis stochastiques spectraux et fiabilit\'e},
  Author                   = {Sudret, B.},
  Booktitle                = {{Proc. 15{$^e$} Congr\`es Fran\c{c}ais de M\'ecanique (CFM15), Nancy}},
  Year                     = {2001}
}

@PhdThesis{SudretThesis,
  Title                    = {Mod\'elisation multiphasique des ouvrages renforc\'es par inclusions},
  Author                   = {Sudret, B.},
  School                   = {Ecole Nationale des Ponts et Chauss\'ees (364 pages)},
  Year                     = {1999}
}

@InBook{SudretBookPhoon2008,
  Title                    = {Stochastic finite element methods in geotechnical engineering},
  Author                   = {Sudret, B. and Berveiller, M.},
  Chapter                  = {7},
  Editor                   = {Phoon, K.-K.},
  Pages                    = {260--297},
  Publisher                = {Taylor and Francis, London},
  Year                     = {2008},
  Series                   = {Reliability-based design in geotechnical engineering: computations and applications (K.K Phoon (Ed.))}
}

@TechReport{SudretEnceinte2003,
  Title                    = {Projet {MECEN} -- {E}tude m\'ecano-fiabiliste de la zone d'acc\`es mat\'eriel d'une enceinte de confinement en \'epreuve},
  Author                   = {Sudret, B. and Berveiller, M.},
  Institution              = {EDF R\&D},
  Year                     = {2003},
  Number                   = {HT-26/02/043/A}
}

@InProceedings{SudretSMIRT03,
  Title                    = {Reliability of the repairing of double wall containment vessels in the context of leak tightness assessment},
  Author                   = {Sudret, B. and Berveiller, M. and Heinfling, G.},
  Booktitle                = {Trans. 17th~Int. Conf. on Struct. Mech. in Reactor Tech. (SMiRT~17), Prague, Czech Republic},
  Year                     = {2003},
  Note                     = {{Paper~M-264}}
}

@InProceedings{SudretIFIP2003,
  Title                    = {Application of a stochastic finite element procedure to reliability analysis},
  Author                   = {Sudret, B. and Berveiller, M. and Lemaire, M.},
  Booktitle                = {Proc 11th~IFIP WG7.5 Conference on Reliability and Optimization of Structural Systems, Banff, Canada},
  Year                     = {2003},
  Editor                   = {Maes, M.A. and Huyse, L.},
  Pages                    = {319-327},
  Publisher                = {Balkema, Rotterdam}
}

@Article{SudretREEF2006,
  Title                    = {A stochastic finite element procedure for moment and reliability analysis},
  Author                   = {{Sudret}, B. and {Berveiller}, M. and {Lemaire}, M.},
  Journal                  = {Eur. J. Comput. Mech.},
  Year                     = {2006},
  Number                   = {7-8},
  Pages                    = {825-866},
  Volume                   = {15}
}

@Article{SudretCras2004,
  Title                    = {A stochastic finite element method in linear mechanics},
  Author                   = {Sudret, B. and Berveiller, M. and Lemaire, M.},
  Journal                  = {Comptes Rendus M\'{e}canique},
  Year                     = {2004},
  Pages                    = {531-537},
  Volume                   = {332}
}

@InProceedings{SudretCFM2003,
  Title                    = {El\'ements finis stochastiques spectraux~: nouvelles perspectives},
  Author                   = {Sudret, B. and Berveiller, M. and Lemaire, M.},
  Booktitle                = {{Proc. 16{$^e$} Congr\`es Fran\c{c}ais de M\'ecanique (CFM16), Nice}},
  Year                     = {2003}
}

@InProceedings{SudretBlatmanEMS2009,
  Title                    = {Use of sparse polynomial chaos expansions in global sensitivity analysis},
  Author                   = {Sudret, B. and Blatman, G.},
  Booktitle                = {Proc. 27th European Meeting of Statisticians (EMS'09), Toulouse},
  Year                     = {2009}
}

@InBook{SudretHermes2011b,
  Title                    = {{S}urfaces de r\'eponse par chaos polynomial},
  Author                   = {Sudret, B. and Blatman, G. and Berveiller, M.},
  Chapter                  = {8},
  Editor                   = {Baroth, J. and Schoefs, F. and Breysse, D.},
  Pages                    = {195--217},
  Publisher                = {Editions Herm\`es},
  Year                     = {2011},
  Series                   = {Fiabilit\'e des ouvrages, Trait\'e "M\'ecanique et Ing\'enierie des Mat\'eriaux" (J. Baroth, F. Schoefs, and D. Breysse (Eds))},

  Owner                    = {sudret},
  Timestamp                = {2010.12.23}
}

@InBook{SudretWiley2011b,
  Title                    = {Response surfaces based on polynomial chaos expansions},
  Author                   = {Sudret, B. and Blatman, G. and Berveiller, M.},
  Chapter                  = {8},
  Editor                   = {Baroth, J. and Schoefs, F. and Breysse, D.},
  Pages                    = {147--168},
  Publisher                = {ISTE/Wiley},
  Year                     = {2011},
  Series                   = {Construction reliability -- {\em safety, variability and sustainability} (J. Baroth, F. Schoefs, and D. Breysse (Eds))}
}

@InProceedings{SudretIcasp2007,
  Title                    = {Quasi random numbers in stochastic finite element analysis -- {A}pplication to global sensitivity analysis},
  Author                   = {Sudret, B. and Blatman, G. and Berveiller, M.},
  Booktitle                = {Proc. 10th~Int. Conf. on Applications of Stat. and Prob. in Civil Engineering (ICASP10), Tokyo, Japan},
  Year                     = {2007},
  Editor                   = {Kanda, J. and Takada, T. and Furuta, H.},

  Owner                    = {sudret}
}

@InProceedings{SudretCaniouIcossar2013,
  Title                    = {Analysis of covariance ({ANCOVA}) using polynomial chaos expansions},
  Author                   = {Sudret, B. and Caniou, Y.},
  Booktitle                = {{Proc. 11th~Int. Conf. Struct. Safety and Reliability (ICOSSAR'2013)}, New York, USA},
  Year                     = {2013},
  Editor                   = {Deodatis, G.}
}

@InProceedings{Sudret-UQSIAM-2012,
  Title                    = {Variance-based sensitivity indices for models with correlated inputs using polynomial chaos expansions},
  Author                   = {Sudret, B. and Caniou, Y.},
  Booktitle                = {SIAM Conf. on Uncertainty Quantification, Raleigh (USA), April 2nd},
  Year                     = {2012},
  Note                     = {(Talk only)}
}

@InProceedings{SudretIcasp2003,
  Title                    = {Quadrature method for finite element reliability analysis},
  Author                   = {Sudret, B. and Cherradi, I.},
  Booktitle                = {Proc. 9th~Int. Conf. on Applications of Stat. and Prob. in Civil Engineering (ICASP9), San Francisco, USA},
  Year                     = {2003},
  Editor                   = {{Der Kiureghian}, A. and Madanat, S. and Pestana, J.},
  Publisher                = {Millpress, Rotterdam}
}

@Article{SudretDang2015,
  Title                    = {Characterization of random stress fields obtained from polycrystalline aggregate calculations using multi-scale stochastic finite elements},
  Author                   = {Sudret, B. and Dang, H.X and Berveiller, M. and Zeghadi, A. and Yalamas, T.},
  Journal                  = {Frontiers Struct. Civ. Eng.},
  Year                     = {2015},
  Number                   = {2},
  Pages                    = {121-140},
  Volume                   = {9}
}

@InProceedings{Sudret99Clem,
  Title                    = {Reinforced geomaterials: computational model and applications},
  Author                   = {Sudret, B. and {de Buhan}, P.},
  Booktitle                = {Proc. 4th~Int. Conf. on Constitutive Laws for Engineering Materials {(CLEM'99)}, Troy, USA},
  Year                     = {1999},
  Editor                   = {Picu, R.C. and Krempl, E.},
  Pages                    = {339-342}
}

@Article{Sudret2001,
  Title                    = {Multiphase model for reinforced geomaterials -- {A}pplication to piled raft foundations and rock-bolted tunnels},
  Author                   = {Sudret, B. and {de Buhan}, P.},
  Journal                  = {Int. J. Num. Anal. Meth. Geomech.},
  Year                     = {2001},
  Pages                    = {155-182},
  Volume                   = {25}
}

@InProceedings{SudretEccomas2000,
  Title                    = {Multiphase model for piled raft foundations: the {Messeturm} case history},
  Author                   = {Sudret, B. and {de Buhan}, P.},
  Booktitle                = {Proc. Eur. Congress Comput. Meth. Applied Sci. Eng. {(ECCOMAS'2000}), Barcelona, Spain},
  Year                     = {2000}
}

@Article{Sudret99a,
  Title                    = {Mod\'elisation multiphasique de mat\'eriaux renforc\'es par inclusions lin\'eaires},
  Author                   = {Sudret, B. and {de Buhan}, P.},
  Journal                  = {C. R. Acad. Sci. Paris},
  Year                     = {1999},
  Number                   = {{S\'erie IIb}},
  Pages                    = {7-12},
  Volume                   = {327}
}

@InProceedings{Sudret98Budapest,
  Title                    = {Multiphase model of reinforced materials},
  Author                   = {Sudret, B. and {de Buhan}, P.},
  Booktitle                = {Proc. 2nd Int. Ph.D Symposium in Civil Engineering, Budapest, Hungary},
  Year                     = {1998},
  Pages                    = {516-523}
}

@TechReport{HT26-02-034,
  Title                    = {Projet {MECEN} -- {F}iabilit\'e des structures pour les probl\`emes d\'ependant du temps -- {Etat} de l'art},
  Author                   = {Sudret, B. and Defaux, G.},
  Institution              = {EDF R\&D},
  Year                     = {2002},
  Number                   = {HT-26/02/034/A}
}

@InProceedings{SudretCSM2002,
  Title                    = {Comparison of methods for computing the probability of failure in time-variant reliability using the outcrossing approach},
  Author                   = {Sudret, B. and Defaux, G. and Andrieu, C. and Lemaire, M.},
  Booktitle                = {Proc. 4th~Int. Conf. on Comput. Stoch. Mech (CSM4), Corfu, Greece},
  Year                     = {2002},
  Editor                   = {P. Spanos and G. Deodatis}
}

@Article{SudretCEES2007,
  Title                    = {Stochastic evaluation of the damage length in {RC} beams submitted to corrosion of reinforcing steel},
  Author                   = {Sudret, B. and Defaux, G. and Pendola, M.},
  Journal                  = {Civ. Eng. Envir. Sys.},
  Year                     = {2007},
  Number                   = {2},
  Pages                    = {165-178},
  Volume                   = {24}
}

@InProceedings{SudretIFED2006,
  Title                    = {Introducing spatial variability in the lifetime assessment of a concrete beam submitted to rebars corrosion},
  Author                   = {Sudret, B. and Defaux, G. and Pendola, M.},
  Booktitle                = {Proc. 2nd Int. Forum on Engineering Decision Making (IFED), {Lake Louise}, Canada},
  Year                     = {2006}
}

@Article{SudretSS05,
  Title                    = {Time-variant finite element reliability analysis -- {A}pplication to the durability of cooling towers},
  Author                   = {Sudret, B. and Defaux, G. and Pendola, M.},
  Journal                  = {Structural Safety},
  Year                     = {2005},
  Pages                    = {93-112},
  Volume                   = {27}
}

@InProceedings{SudretAsranet2004,
  Title                    = {Finite element reliability analysis of cooling towers submitted to degradation},
  Author                   = {Sudret, B. and Defaux, G. and Pendola, M.},
  Booktitle                = {Proc. 2nd Int. {ASRANet} Colloquium, Barcelona, Spain},
  Year                     = {2004}
}

@Article{Sudret2002,
  Title                    = {Comparison of finite element reliability methods},
  Author                   = {Sudret, B. and {Der Kiureghian}, A.},
  Journal                  = {Prob. Eng. Mech.},
  Year                     = {2002},
  Pages                    = {337-348},
  Volume                   = {17}
}

@TechReport{Sudret00,
  Title                    = {Stochastic finite elements and reliability: a state-of-the-art report},
  Author                   = {Sudret, B. and {Der Kiureghian}, A.},
  Institution              = {University of California, Berkeley (173 pages)},
  Year                     = {2000},
  Number                   = {UCB/SEMM-2000/08}
}

@InProceedings{SudretEsrel02,
  Title                    = {Time-variant reliability analysis of cooling towers including corrosion of steel in reinforced concrete},
  Author                   = {Sudret, B. and Dron, S. and Pendola, M.},
  Booktitle                = {Proc. $\lambda\mu$13 -- {ESREL'2002} Safety and Reliability Conf., Lyon, France},
  Year                     = {2002},
  Pages                    = {571-575}
}

@InProceedings{SudretDubourgIFIP2012,
  Title                    = {Enhancing meta-model-based importance sampling by subset simulation},
  Author                   = {Sudret, B. and Dubourg, V. and Bourinet, J.-M.},
  Booktitle                = {Proc. 16th~IFIP WG7.5 Conference on Reliability and Optimization of Structural Systems, Yerevan, Armenia},
  Year                     = {2012},
  Editor                   = {{Der Kiureghian, A.}},
  Publisher                = {Taylor \& Francis}
}

@Article{SudretNED05,
  Title                    = {Probabilistic assessment of thermal fatigue in nuclear components},
  Author                   = {Sudret, B. and Gu\'ed\'e, Z.},
  Journal                  = {Nuc. Eng. Des.},
  Year                     = {2005},
  Pages                    = {1819-1835},
  Volume                   = {235}
}

@InProceedings{SudretSmirt03b,
  Title                    = {Probabilistic assessment of fatigue life including statistical uncertainties in the {S-N} curve},
  Author                   = {Sudret, B. and Gu\'ed\'e, Z. and Hornet, P. and St\'ephan, J.-M. and Lemaire, M.},
  Booktitle                = {Trans. 17th~Int. Conf. on Struct. Mech. in Reactor Tech. (SMiRT~17), Prague, Czech Republic},
  Year                     = {2003},
  Note                     = {{Paper~M-232}}
}

@InProceedings{GuedeIfip03,
  Title                    = {Probabilistic framework for fatigue analysis},
  Author                   = {Sudret, B. and Gu\'ed\'e, Z. and Lemaire, M.},
  Booktitle                = {Proc. 11th~IFIP WG7.5 Conference on Reliability and Optimization of Structural Systems, Banff, Canada},
  Year                     = {2003},
  Editor                   = {Maes, M.A. and Huyse, L.},
  Pages                    = {251-257},
  Publisher                = {Balkema, Rotterdam}
}

@InProceedings{SudretHeinfling2003,
  Title                    = {Methodology for the reliability evaluation of containment vessels repair through the coupling of finite elements and probabilistic analyses},
  Author                   = {Sudret, B. and Heinfling, G.},
  Booktitle                = {Proc. 2nd Int. Workshop on Aging Management of Concrete Structures, Paris, France},
  Year                     = {2003}
}

@InProceedings{Sudret99ECCM,
  Title                    = {A multiphase constitutive model for inclusion-reinforced materials: theory and numerical implementation},
  Author                   = {Sudret, B. and Lenz, S. and {de Buhan}, P.},
  Booktitle                = {Proc. 1st Eur. Conf. Comput. Mech. {(ECCM'99)}, Munich, Germany},
  Year                     = {1999}
}

@Article{Sudret98b,
  Title                    = {Elastoplastic analysis of inclusion reinforced structures},
  Author                   = {Sudret, B. and Maghous, S. and {de Buhan}, P. and Bernaud, D.},
  Journal                  = {Metals and materials},
  Year                     = {1998},
  Number                   = {3},
  Pages                    = {252-255},
  Volume                   = {4}
}

@InProceedings{SudretMaiSAMO2013,
  Title                    = {Derivative-based sensitivity indices based on polynomial chaos expansions},
  Author                   = {Sudret, B. and Mai, C.V.},
  Booktitle                = { {P}roc. 7th Int. Conf. Sensitivity Anal. Model Output {(SAMO'2013)}, Nice, France},
  Year                     = {2013}
}

@Article{SudretMaiRESS2015,
  Title                    = {Computing derivative-based global sensitivity measures using polynomial chaos expansions},
  Author                   = {Sudret, B. and Mai, C.-V.},
  Journal                  = {Reliab. Eng. Sys. Safety},
  Year                     = {2015},
  Pages                    = {241-250},
  Volume                   = {134}
}

@InProceedings{SudretCFM2013,
  Title                    = {Calcul des courbes de fragilit\'e sismique par approches non-param\'triques},
  Author                   = {Sudret, B. and Mai, C-V},
  Booktitle                = {{Proc. 21$^e$ Congr\`es Français de M\'ecanique (CFM21), Bordeaux}},
  Year                     = {2013}
}

@InProceedings{SudretMaiIcossar2013,
  Title                    = {Computing seismic fragility curves using polynomial chaos expansions},
  Author                   = {Sudret, B. and Mai, V-C},
  Booktitle                = {{Proc. 11th~Int. Conf. Struct. Safety and Reliability (ICOSSAR'2013)}, New York, USA},
  Year                     = {2013},
  Editor                   = {Deodatis, G.}
}

@InProceedings{SudretBootstrapPCE2015,
  Title                    = {Polynomial chaos expansions for structural reliability},
  Author                   = {Sudret, B. and Marelli, S.},
  Booktitle                = {2\`emes Journ\'ees de la conception robuste et fiable, Association Fran\c{c}aise de M\'ecanique, Paris (France), April 10th},
  Year                     = {2015},
  Note                     = {{\bf Invited lecture}}
}

@InProceedings{MarelliJNFiab2014,
  Title                    = {{UQLab}: Une plate-forme pour la quantification des incertitudes sous {Matlab}},
  Author                   = {Sudret, B. and Marelli, S.},
  Booktitle                = {Proc. 8$^e$ Journ\'ees Fiabilit\'e des Mat\'eriaux et des Structures, Aix-en-Provence, France},
  Year                     = {2014}
}

@InProceedings{SudretBigData2015,
  Title                    = {Sparse polynomial chaos expansions as a machine learning regression technique},
  Author                   = {Sudret, B. and Marelli, S. and Lataniotis, C.},
  Booktitle                = {International Symposium on Big Data and Predictive Computational Modeling, Munich (Germany), May 18-21},
  Year                     = {2015},
  Note                     = {{\bf Invited lecture}}
}

@InProceedings{SudretEUCAP2017,
  Title                    = {Surrogate models for uncertainty quantification: {A}n overview},
  Author                   = {Sudret, B. and Marelli, S. and Wiart, J.},
  Booktitle                = {Proc. 11th Eur. Conf. Antennas Propag., Paris (France), March 19-24},
  Year                     = {2017},

  Doi                      = {http://ieeexplore.ieee.org/document/7928679/}
}

@InProceedings{SudretIcone02,
  Title                    = {Reliability analysis of cooling towers: influence of rebars corrosion on failure},
  Author                   = {Sudret, B. and Pendola, M.},
  Booktitle                = {Proc. 10th~Int. Conf. on Nucl. Eng. (ICONE10), Washington, USA},
  Year                     = {2002},
  Note                     = {{Paper} \#22136},
  Pages                    = {571-575}
}

@InBook{SudretHermes2011d,
  Title                    = {{A}ctualisation de la fiabilit\'e par le retour d'exp\'erience},
  Author                   = {Sudret, B. and Perrin, F.},
  Chapter                  = {12},
  Editor                   = {Baroth, J. and Schoefs, F. and Breysse, D.},
  Pages                    = {275--295},
  Publisher                = {Editions Herm\`es},
  Year                     = {2011},
  Series                   = {Fiabilit\'e des ouvrages, Trait\'e "M\'ecanique et Ing\'enierie des Mat\'eriaux" (J. Baroth, F. Schoefs, and D. Breysse (Eds))},

  Owner                    = {sudret},
  Timestamp                = {2010.12.23}
}

@InProceedings{SudretAsranet2006,
  Title                    = {{Bayesian} updating of the long-term creep deformations in concrete containment vessels},
  Author                   = {Sudret, B. and Perrin, F. and Berveiller, M. and Pendola, M.},
  Booktitle                = {Proc. 3rd Int. ASRANet Colloquium, Glasgow, United Kingdom},
  Year                     = {2006}
}

@InProceedings{SudretWCCM2008,
  Title                    = {Maximum likelihood estimation and polynomial chaos expansions in stochastic inverse problems},
  Author                   = {Sudret, B. and Perrin, F. and Pendola, M.},
  Booktitle                = {Proc. 8th~World Congr. Comput. Mech. (WCCM8) and 5th Eur. Congress Comput. Meth. Appl. Sci. Eng. (ECCOMAS 2008), Venice, Italy},
  Year                     = {2008},
  Editor                   = {B.A. Schrefler and U. Perego}
}

@InProceedings{SudretEurodyn2011,
  Title                    = {Use of polynomial chaos expansions to establish fragility curves in seismic risk assessment},
  Author                   = {Sudret, B. and Piquard, V. and Guyonnet, C.},
  Booktitle                = {{Proc. 8th Int. Conf. Struct. Dynamics (EURODYN 2011), Leuven, Belgium}},
  Year                     = {2011},
  Editor                   = {{De Roeck}, G. and Degrande, G. and Lombaert, G. and M\"uller, G.}
}

@InProceedings{SudretUQSIAM2014,
  Title                    = {{PC-Kriging}: the best of polynomial chaos expansions and {Gaussian} process modelling},
  Author                   = {Sudret, B. and Sch\"obi, R.},
  Booktitle                = {SIAM Conf. on Uncertainty Quantification, Savannah (GA)},
  Year                     = {2014},
  Note                     = {(Talk only)}
}

@InProceedings{AREMIFParis2012,
  Title                    = {Statistical methods for uncertainty propagation in electromagnetism},
  Author                   = {Sudret, B. and Wiart, J.},
  Booktitle                = {AREMIF Workshop, Paris (France), March 21st},
  Year                     = {2012},
  Note                     = {{\bf Invited lecture}},

  HowPublished             = {Invited lecture}
}

@InProceedings{SudretIcossar2009,
  Title                    = {Sensitivity analysis of nested multiphysics models using polynomial chaos expansions},
  Author                   = {Sudret, B. and Yalamas, T. and Noret, E. and Willaume, P.},
  Booktitle                = {{Proc. 10th~Int. Conf. Struct. Safety and Reliability (ICOSSAR'2009)}, Osaka, Japan},
  Year                     = {2009},
  Editor                   = {Furuta, H. and Frangopol, D. and Shinozuka, M.}
}

@PhdThesis{Tanguy2001,
  Title                    = {Mod\'elisation de l'essai {C}harpy par l'approche locale de la rupture - {A}pplication au cas de l'acier {16MND5} dans le domaine de transition},
  Author                   = {Tanguy, B.},
  School                   = {\'Ecole des Mines ParisTech},
  Year                     = {2001},

  Timestamp                = {2010.01.21}
}

@Article{TorreJCP2018,
  author  = {Torre, E. and Marelli, S. and Embrechts, P. and Sudret, B.},
  title   = {Data-driven polynomial chaos expansion for machine learning regression},
  journal = {J. Comput. Phys},
  year    = {2018},
  note    = {Submitted},
}

@Article{TorrePEM2018,
  Title                    = {A general framework for uncertainty quantification under complex input dependencies using vine copulas},
  Author                   = {Torre, E. and Marelli, S. and Embrechts, P. and Sudret, B.},
  Journal                  = {Prob. Eng. Mech.},
  Year                     = {2018},
  Note                     = {Submitted}
}

@InProceedings{TorreFrontUQ2017,
  Title                    = {Modelling high-dimensional inputs with copulas for uncertainty quantification problems},
  Author                   = {Torre, E. and Marelli, S. and Embrechts, P. and Sudret, B.},
  Booktitle                = {Frontiers of Uncertainty Quantification in Engineering, Munich (Germany), September 6-8},
  Year                     = {2017},
  Note                     = {(Talk given by E.~Torre)}
}

@InProceedings{TorreIMPMS2017,
  Title                    = {Vine copula modeling of high-dimensional inputs in uncertainty quantification problems},
  Author                   = {Torre, E. and Marelli, S. and Embrechts, P. and Sudret, B.},
  Booktitle                = {1st Italian Meeting on Probability and Mathematical Statistics, Torino (Italy), June 19-22 (Poster)},
  Year                     = {2017}
}

@InProceedings{TorreUNCECOMP2017,
  Title                    = {Modelling multivariate inputs with copulas for uncertainty quantification problems},
  Author                   = {Torre, E. and Marelli, S. and Embrechts, P. and Sudret, B.},
  Booktitle                = {Proc. 2nd Int. Conf. Uncertainty Quantification in Computational Sciences and Engineering (UNCECOMP), Rhodes Island (Greece), June 15-17},
  Year                     = {2017},
  Note                     = {(Talk given by E.~Torre)}
}

@InProceedings{TorreTorino2016,
  Title                    = {Modeling high-dimensional system inputs with copulas for uncertainty quantification problems},
  Author                   = {Torre, E. and Marelli, S. and Embrechts, P. and Sudret, B.},
  Booktitle                = {Welcome Home Workshop 2016, University of Torino (Italy), December 22nd},
  Year                     = {2016},
  Note                     = {(Talk given by E. Torre)}
}

@Article{Venkovic2013,
  Title                    = {Uncertainty propagation of a multiscale poromechanics-hydration model for poroelastic properties of cement paste at early-age},
  Author                   = {Venkovic, N. and Sorelli, L. and Sudret, B. and Yalamas, T. and Gagn\'e, R.},
  Journal                  = {Prob. Eng. Mech.},
  Year                     = {2013},
  Pages                    = {5-20},
  Volume                   = {32},

  Owner                    = {BST}
}

@InProceedings{WagnerMeetShare2017,
  Title                    = {Calibrating fire insulation models through {Bayesian} inference},
  Author                   = {Wagner, P. and Fahrni, R. and Klippel, M. and Sudret, B.},
  Booktitle                = {{Meet \& Share your Research Day at D-BAUG}, ETH Zurich, October~24},
  Year                     = {2017},
  Note                     = {(Talk given by P. Wagner)}
}

@InProceedings{WagnerIFIP2018,
  author    = {Wagner, P.-R. and Sudret, B. and Fahrni, R. and Klippel, M.},
  title     = {Bayesian inversion for the calibration of fire experiments on insulation panels},
  booktitle = {Proc. 19th~IFIP WG7.5 Conference on Reliability and Optimization of Structural Systems, ETH Zurich (Switzerland), June 27-29},
  year      = {2018},
  editor    = {Sudret, B. and Marelli, S.},
}

@Article{WiartFERMAT2015,
  Title                    = {Stochastic dosimetry to manage uncertainty in numerical {EMF} exposure assessment},
  Author                   = {Wiart, J. and Kersaudy, P. and Ghanmi, A. and Varsier, N. and Hadhem, A. and Picon, O. and Sudret, B. and Mittra, R.},
  Journal                  = {Forum for Electromagnetic Research Methods and Application Technologies {(FERMAT)}},
  Year                     = {2015},
  Number                   = {1},
  Volume                   = {12}
}

@InProceedings{Wiart2015,
  Title                    = {{A}dvanced human {R}{F} exposure assessment using {F}{D}{T}{D} and polynomial chaos expansion},
  Author                   = {Wiart, J. and Kersaudy, P. and Ghanmi, A. and Varsier, N. and Hadjem, A. and Mostarshedi, S. and Picon, O. and Sudret, B.},
  Booktitle                = {Proc. 1st {URSI Atlantic Radio Science Conference}, URSI AT-RASC 2015},
  Year                     = {2015},
  Pages                    = {7303233--},
  Publisher                = {IEEE}
}

@Article{Yaghoubi2017,
  Title                    = {Sparse polynomial chaos expansions of frequency response functions using stochastic frequency transformation},
  Author                   = {Yaghoubi, V. and Marelli, S. and Sudret, B. and Abrahamsson, T.},
  Journal                  = {Prob. Eng. Mech.},
  Year                     = {2017},
  Pages                    = {39--58},
  Volume                   = {48},

  Doi                      = {10.1016/j.probengmech.2017.04.003}
}

@InProceedings{YaghoubiECCOMAS2016,
  Title                    = {Polynomial chaos expansions for modelling the frequency response functions of stochastic dynamical systems},
  Author                   = {Yaghoubi, V. and Marelli, S.and Sudret, B. and Abrahamsson, T.},
  Booktitle                = {7th Eur. Congress Comput. Meth. Appl. Sci. Eng. (ECCOMAS 2016), Crete Island (Greece), June 5-10},
  Year                     = {2016},
  Editor                   = {E. Ramm and M. Papadrakakis}
}

@InProceedings{YalamasSudretJNFiab2010,
  Title                    = {Evaluation fiabiliste et approche r\'eglementaire},
  Author                   = {Yalamas, T. and Moine, S. and Lussou, P. and Sudret, B.},
  Booktitle                = {Proc. 6$^e$ Journ\'ees Fiabilit\'e des Mat\'eriaux et des Structures, Toulouse},
  Year                     = {2010},

  Owner                    = {sudret},
  Timestamp                = {2010.12.23}
}

@InProceedings{YalamasGiens2009,
  Title                    = {{Traitement des incertitudes avec le logiciel PhimecaSoft}},
  Author                   = {Yalamas, T. and Pendola, M. and Sudret, B.},
  Booktitle                = {Proc. 9$^e$ Colloque National en Calcul des Structures, Giens},
  Year                     = {2009},

  Owner                    = {dubourg}
}

@InProceedings{YameogoSmirt2007,
  Title                    = {Uncertainties in the no lift-off criterion used in fuel rod assessment},
  Author                   = {Yameogo, A. and Sudret, B. and Cambier, S.},
  Booktitle                = {Trans. 19th~{Int. Conf. on Struct. Mech. In Reactor Tech.} ({SMiRT~19}), Vancouver, Canada},
  Year                     = {2007}
}

@Article{Yuzugullu2017,
  Title                    = {Determining rice growth stage with {X-Band SAR}: {A} metamodel-based inversion},
  Author                   = {{Yuzugullu, 0.} and Marelli, S. and Erten, E. and Sudret, B. and Hajnsek, I.},
  Journal                  = {Remote Sensing of Environment},
  Year                     = {2017},
  Number                   = {5},
  Pages                    = {460--479},
  Volume                   = {9},

  Doi                      = {http://www.mdpi.com/2072-4292/9/5/460}
}

@InProceedings{Yuzugullu2015,
  Title                    = {Global sensitivity analysis of a morphology-based electromagnetic scattering model},
  Author                   = {Yuzugullu, O. and Marelli, S. and Erten, E. and Sudret, B. and Hajnsek, I.},
  Booktitle                = {Proc. Geoscience and Remote Sensing Symposium (IGARSS), Milan, Italy},
  Year                     = {2015}
}

@InProceedings{ZhuMascotnum2018,
  Title                    = {Surrogating the response {PDF} of stochastic simulators using parametric \& semi-parametric representations},
  Author                   = {Zhu, X. and Sudret, B.},
  Booktitle                = {MascotNum workshop, Ecole Centrale Nantes (France), March 21-23 (poster)},
  Year                     = {2018}
}

@Proceedings{ESRELProceedings2015,
  Title                    = {Safety and Reliability of Complex Engineered Systems (ESREL 2015)},
  Year                     = {2015},
  Editor                   = {Podofillini, L. and Sudret, B. and Stojadinovic, B. and Zio, E. and Kr\"oger, W.},
  Publisher                = {{CRC Press}}
}

@InProceedings{Galimshina2018,
  author    = {Galimshina, A. and Moustapha, M. and Habert, G. and Sudret, B.},
  title     = {Robust and reliable sustainability assessment tool for building renovation strategies},
  booktitle = {Proc. Retrofit Europe SBE19 Conference, Technical University Eindhoven (The Netherlands), November 5-6},
  year      = {2018},
}

@Article{MoustaphaSMO2018,
  author  = {Moustapha, M. and Sudret, B.},
  title   = {A global framework for RBDO using double-loop and surrogate-based simulation methods},
  journal = {Struct. Multidisc. Optim.},
  year    = {2018},
  note    = {In preparation},
}

@InProceedings{Sudret2018,
  author    = {Sudret, B.},
  title     = {Dimensionality reduction and surrogate modelling for high-dimensional {UQ} problems},
  booktitle = {Thematic Semester on "Uncertainty quantification for complex systems: theory and methodologies, Isaac Newton Institute, Cambridge (UK), March 6th},
  year      = {2018},
  note      = {{\bf Invited lecture}},
}

@InProceedings{SudretLausanne2018,
  author    = {Sudret, B.},
  title     = {Surrogate modelling for uncertainty quantification in engineering applications},
  booktitle = {Seminar of Numerical Analysis, MATHICSE, Ecole Polytechnique F\'ed\'erale de Lausanne (Lausanne), May 22nd},
  year      = {2018},
  note      = {{\bf Invited lecture}},
}

@InProceedings{SudretONERA2018,
  author    = {Sudret, B.},
  title     = {Surrogate models for uncertainty quantification and reliability analysis},
  booktitle = {Office National d'Etudes et de Recherches Aérospatiales (Paris), June 12th},
  year      = {2018},
  note      = {{\bf Invited lecture}},
}

@Comment{jabref-meta: databaseType:bibtex;}
