% Encoding: windows-1252


@TechReport{UQdoc_10_108,
  Title                    = {{UQLab} user manual -- Canonical low-rank approximations},
  Author                   = {Konakli, K. and Mylonas, C. and Marelli, S. and Sudret, B.},
  Institution              = {Chair of Risk, Safety \& Uncertainty Quantification, ETH Zurich},
  Year                     = {2017},
  Note                     = {Report \# UQLab-V1.0-108}
}

@TechReport{UQdoc_10_102,
  Title                    = {{UQLab} user manual -- \textsc{Input} module},
  Author                   = {Lataniotis, C. and Marelli, S. and Sudret, B.},
  Institution              = {Chair of Risk, Safety \& Uncertainty Quantification, ETH Zurich},
  Year                     = {2017},
  Note                     = {Report \# UQLab-V1.0-102}
}

@TechReport{UQdoc_10_103,
  Title                    = {{UQLab} user manual -- \textsc{Model} module},
  Author                   = {Lataniotis, C. and Marelli, S. and Sudret, B.},
  Institution              = {Chair of Risk, Safety \& Uncertainty Quantification, ETH Zurich},
  Year                     = {2017},
  Note                     = {Report \# UQLab-V1.0-103}
}

@TechReport{UQdoc_10_105,
  Title                    = {{UQLab} user manual -- {K}riging},
  Author                   = {Lataniotis, C. and Marelli, S. and Sudret, B.},
  Institution              = {Chair of Risk, Safety \& Uncertainty Quantification, ETH Zurich},
  Year                     = {2017},
  Note                     = {Report \# UQLab-V1.0-105}
}

@TechReport{UQdoc_09_101,
  Title                    = {{UQLab} user manual -- {A}dvanced usage},
  Author                   = {Lataniotis, C. and Marelli, S. and Sudret, B.},
  Institution              = {Chair of Risk, Safety \& Uncertainty Quantification, ETH Zurich},
  Year                     = {2015},
  Note                     = {Report \# UQLab-V0.9-101}
}

@TechReport{UQdoc_09_102,
  Title                    = {{UQLab} user manual -- \textsc{Input} module},
  Author                   = {Lataniotis, C. and Marelli, S. and Sudret, B.},
  Institution              = {Chair of Risk, Safety \& Uncertainty Quantification, ETH Zurich},
  Year                     = {2015},
  Note                     = {Report \# UQLab-V0.9-102}
}

@TechReport{UQdoc_09_103,
  Title                    = {{UQLab} user manual -- \textsc{Model} module},
  Author                   = {Lataniotis, C. and Marelli, S. and Sudret, B.},
  Institution              = {Chair of Risk, Safety \& Uncertainty Quantification, ETH Zurich},
  Year                     = {2015},
  Note                     = {Report \# UQLab-V0.9-103}
}

@TechReport{UQdoc_09_105,
  Title                    = {{UQLab} user manual -- {K}riging},
  Author                   = {Lataniotis, C. and Marelli, S. and Sudret, B.},
  Institution              = {Chair of Risk, Safety \& Uncertainty Quantification, ETH Zurich},
  Year                     = {2015},
  Note                     = {Report \# UQLab-V0.9-105}
}

@TechReport{UQdoc_10_106,
  author      = {Marelli, S. and Lamas, C. and Sudret, B.},
  title       = {{UQLab} user manual -- {S}ensitivity analysis},
  institution = {Chair of Risk, Safety \& Uncertainty Quantification, ETH Zurich},
  year        = {2017},
  note        = {Report \# UQLab-V1.0-106},
}

@TechReport{UQdoc_09_106,
  Title                    = {{UQLab} user manual -- {S}ensitivity analysis},
  Author                   = {Marelli, S. and Lamas, C. and Sudret, B.},
  Institution              = {Chair of Risk, Safety \& Uncertainty Quantification, ETH Zurich},
  Year                     = {2015},
  Note                     = {Report \# UQLab-V0.9-106}
}

@TechReport{UQdoc_09_107,
  Title                    = {{UQLab} user manual -- {R}eliability analysis},
  Author                   = {Marelli, S. and {Lamas-Fernandes}, C. and Sch\"obi, R. and Sudret, B.},
  Institution              = {Chair of Risk, Safety \& Uncertainty Quantification, ETH Zurich},
  Year                     = {2015},
  Note                     = {Report \# UQLab-V0.9-107}
}

@TechReport{UQdoc_10_107,
  Title                    = {{UQLab} user manual -- {R}eliability analysis},
  Author                   = {Marelli, S. and Sch\"obi, R. and Sudret, B.},
  Institution              = {Chair of Risk, Safety \& Uncertainty Quantification, ETH Zurich},
  Year                     = {2017},
  Note                     = {Report \# UQLab-V1.0-107}
}

@TechReport{UQdoc_10_104,
  Title                    = {{UQLab} user manual -- {P}olynomial chaos expansions},
  Author                   = {Marelli, S. and Sudret, B.},
  Institution              = {Chair of Risk, Safety \& Uncertainty Quantification, ETH Zurich},
  Year                     = {2017},
  Note                     = {Report \# UQLab-V1.0-104}
}

@TechReport{UQdoc_09_104,
  Title                    = {{UQLab} user manual -- {P}olynomial chaos expansions},
  Author                   = {Marelli, S. and Sudret, B.},
  Institution              = {Chair of Risk, Safety \& Uncertainty Quantification, ETH Zurich},
  Year                     = {2015},
  Note                     = {Report \# UQLab-V0.9-104}
}

@TechReport{UQdoc_10_201,
  Title                    = {{UQLab} developer manual},
  Author                   = {Marelli, S. and Sudret, B.},
  Institution              = {Chair of Risk, Safety \& Uncertainty Quantification, ETH Zurich},
  Year                     = {2015},
  Note                     = {Report \# UQLab-V1.0-201}
}

@TechReport{UQdoc_10_111,
  Title                    = {{UQLab} user manual -- {S}upport vector machines},
  Author                   = {Moustapha, M. and Lataniotis, C. and Marelli, S. and Sudret, B.},
  Institution              = {Chair of Risk, Safety \& Uncertainty Quantification, ETH Zurich},
  Year                     = {2017},
  Note                     = {Report \# UQLab-V1.0-108}
}

@TechReport{UQdoc_09_111,
  Title                    = {{UQLab} user manual -- {S}upport vector machines},
  Author                   = {Moustapha, M. and Lataniotis, C. and Marelli, S. and Sudret, B.},
  Institution              = {Chair of Risk, Safety \& Uncertainty Quantification, ETH Zurich},
  Year                     = {2016},
  Note                     = {Report \# UQLab-V0.9-108}
}

@TechReport{UQdoc_10_109,
  Title                    = {{UQLab} user manual -- {PC-Kriging}},
  Author                   = {Sch\"obi, R. and Marelli, S. and Sudret, B.},
  Institution              = {Chair of Risk, Safety \& Uncertainty Quantification, ETH Zurich},
  Year                     = {2017},
  Note                     = {Report \# UQLab-V1.0-109}
}

@TechReport{UQdoc_09_109,
  Title                    = {{UQLab} user manual -- {PC-Kriging}},
  Author                   = {Sch\"obi, R. and Marelli, S. and Sudret, B.},
  Institution              = {Chair of Risk, Safety \& Uncertainty Quantification, ETH Zurich},
  Year                     = {2016},
  Note                     = {Report \# UQLab-V0.9-109}
}

@TechReport{UQdoc_10_901,
  Title                    = {{UQLab} -- Organization of the documentation},
  Author                   = {Sudret, B.},
  Institution              = {Chair of Risk, Safety \& Uncertainty Quantification, ETH Zurich},
  Year                     = {2015},
  Note                     = {Report \# UQLab-V1.0-901}
}

@TechReport{UQdoc_10_902,
  Title                    = {{UQLab} -- Core architecture},
  Author                   = {Sudret, B.},
  Institution              = {Chair of Risk, Safety \& Uncertainty Quantification, ETH Zurich},
  Year                     = {2015},
  Note                     = {Report \# UQLab-V1.0-902}
}

@TechReport{UQdoc_10_903,
  Title                    = {{UQLab} -- Server infrastructure for development and release},
  Author                   = {Sudret, B.},
  Institution              = {Chair of Risk, Safety \& Uncertainty Quantification, ETH Zurich},
  Year                     = {2015},
  Note                     = {Report \# UQLab-V1.0-903}
}

@TechReport{UQdoc_11_111,
  author      = {Moustapha, M. and Lataniotis, C. and Marelli, S. and Sudret, B.},
  title       = {{UQLab user manual -- Support vector machines for regression}},
  institution = {Chair of Risk, Safety \& Uncertainty Quantification, ETH Zurich},
  year        = {2018},
  note        = {Report \# UQLab-V1.1-11},
}

@TechReport{UQdoc_11_112,
  author      = {Moustapha, M. and Lataniotis, C. and Marelli, S. and Sudret, B.},
  title       = {{UQLab user manual -- Support vector machines for classification}},
  institution = {Chair of Risk, Safety \& Uncertainty Quantification, ETH Zurich},
  year        = {2018},
  note        = {Report \# UQLab-V1.1-112},
}

@TechReport{UQdoc_11_106,
  author      = {Marelli, S. and Lamas, C. and Sudret, B. and Konakli, K. and Mylonas, C.},
  title       = {{UQLab user manual -- Sensitivity analysis}},
  institution = {Chair of Risk, Safety \& Uncertainty Quantification, ETH Zurich},
  year        = {2018},
  note        = {Report \# UQLab-V1.1-106},
}

@TechReport{UQdoc_11_107,
  author      = {Marelli, S. and Sch\"obi, R. and Sudret, B.},
  title       = {{UQLab user manual -- Reliability analysis}},
  institution = {Chair of Risk, Safety \& Uncertainty Quantification, ETH Zurich},
  year        = {2018},
  note        = {Report \# UQLab-V1.1-107},
}

@TechReport{UQdoc_11_104,
  author      = {Marelli, S. and Sudret, B.},
  title       = {{UQLab user manual -- Polynomial chaos expansions}},
  institution = {Chair of Risk, Safety \& Uncertainty Quantification, ETH Zurich},
  year        = {2018},
  note        = {Report \# UQLab-V1.1-104},
}

@TechReport{UQdoc_11_109,
  author      = {Sch\"obi, R. and Marelli, S. and Sudret, B.},
  title       = {{UQLab user manual -- PC-Kriging}},
  institution = {Chair of Risk, Safety \& Uncertainty Quantification, ETH Zurich},
  year        = {2018},
  note        = {Report \# UQLab-V1.1-109},
}

@TechReport{UQdoc_11_103,
  author      = {Lataniotis, C. and Marelli, S. and Sudret, B.},
  title       = {{UQLab user manual -- \textsc{Model} module}},
  institution = {Chair of Risk, Safety \& Uncertainty Quantification, ETH Zurich},
  year        = {2018},
  note        = {Report \# UQLab-V1.1-103},
}

@TechReport{UQdoc_11_105,
  author      = {Lataniotis, C. and Marelli, S. and Sudret, B.},
  title       = {{UQLab user manual -- Kriging}},
  institution = {Chair of Risk, Safety \& Uncertainty Quantification, ETH Zurich},
  year        = {2018},
  note        = {Report \# UQLab-V1.1-105},
}

@TechReport{UQdoc_11_102,
  author      = {Lataniotis, C. and Marelli, S. and Sudret, B.},
  title       = {{UQLab user manual -- \textsc{Input} module}},
  institution = {Chair of Risk, Safety \& Uncertainty Quantification, ETH Zurich},
  year        = {2018},
  note        = {Report \# UQLab-V1.1-102},
}

@TechReport{UQdoc_11_108,
  author      = {Konakli, K. and Mylonas, C. and Marelli, S. and Sudret, B.},
  title       = {{UQLab user manual -- Canonical low-rank approximations}},
  institution = {Chair of Risk, Safety \& Uncertainty Quantification, ETH Zurich},
  year        = {2018},
  note        = {Report \# UQLab-V1.1-108},
}

@Comment{jabref-meta: databaseType:bibtex;}
