% This file was created with JabRef 2.10b2.
% Encoding: ISO8859_1


@Article{Basudhar2008a,
  Title                    = {Adaptive explicit decision functions for probabilistic design and optimization using support vector machines},
  Author                   = {Basudhar, A. and Missoum, S.},
  Journal                  = {Computers \& Structures},
  Year                     = {2008},
  Number                   = {19-20},
  Pages                    = {1904--1917},
  Volume                   = {86},

  Owner                    = {ste},
  Timestamp                = {2013.12.12}
}

@Article{Basudhar2008b,
  Title                    = {Limit state function identification using {S}upport {V}ector {M}achines for discontinuous responses and disjoint failure domains},
  Author                   = {Basudhar, A. and Missoum, S. and Sanchez, A.H.},
  Journal                  = {Prob. Eng. Mech},
  Year                     = {2008},
  Pages                    = {1-11},
  Volume                   = {23},

  Owner                    = {ste},
  Timestamp                = {2013.12.12}
}

@Article{Bourinet2011,
  Title                    = {Assessing small failure probabilities by combined subset simulation and Support Vector Machines},
  Author                   = {Bourinet, J.-M. and Deheeger, F. and Lemaire, M.},
  Journal                  = {Structural Safety},
  Year                     = {2011},
  Number                   = {6},
  Pages                    = {343--353},
  Volume                   = {33},

  Owner                    = {dubourg},
  Timestamp                = {2010.06.18}
}

